2020 3198
0 0 36 287 {f
732 166 1083 211 ΕΤΘΤΦΡῼΝ.
1716 167 1751 220 5

0 279 10 339 ἕ
69 298 170 348 σας
206 281 339 349 τοὺς
376 283 553 350 πόδας
590 283 683 339 καὶ
720 284 815 349 τὰς
852 294 1039 356 χεῖρας
1077 282 1277 355 αὐτοῦ,
1316 282 1644 355 καταβαλών
1675 288 1754 351 εἰς

67 369 286 444 τάφρον
316 371 469 442 τινά,
500 372 695 442 πέμπει
728 374 895 444 δεῦρο
921 369 1103 443 ἀνδρα
1133 371 1481 442 πευσόμενον
1504 374 1605 428 τοῦ
1638 373 1754 443 ἐξη-

0 479 2 483 ’
68 462 260 530 γητοῦ,
286 457 370 514 ὅτι
393 464 547 532 χρείη
572 470 765 515 ποιεῖν.
793 461 852 515 ἐν
877 459 939 515 δὲ
961 459 1139 534 τούτῳ
1162 462 1239 536 τῷ
1265 459 1449 536 χρόνῳ
1473 460 1752 535 τοῦΙδεδε-
1771 467 1810 511 D

14 591 15 594 η
69 547 242 617 μένου
274 544 543 619 ὠλιγώρει
570 569 628 603 τε
650 547 742 602 καὶ
765 545 952 617 ἠμέλει
985 545 1059 613 ὥς
1083 546 1446 619 ἀνδροφόνου
1469 549 1562 604 καὶ
1587 548 1754 604 οὐδὲν

71 631 139 691 ὂν
168 637 419 707 πρᾶγμα,
453 638 503 690 εἰ
525 636 616 690 καὶ
641 634 950 691 ἀποθάνοι·
975 633 1110 708 ὅπερ
1136 629 1241 691 οὖν
1264 636 1358 690 καὶ
1384 639 1618 692 ἔπαθεν.
1642 634 1751 691 ὑπὸ

68 720 176 794 γὰρ
208 725 374 793 λιμοῦ
403 723 498 779 καὶ
522 725 713 794 ῥίγους
742 724 835 779 καὶ
857 726 970 779 τῶν
996 727 1219 794 δεσμῶν
1244 722 1591 798 ἀποθνῄσκει
1622 724 1754 797 πρὶν

68 809 170 866 τὸν
208 809 446 881 ἄγγελον
484 810 631 883 παρὰ
671 814 772 867 τοῦ
807 813 1074 882 ἐξηγητοῦ
1108 812 1439 883 ἀφικέσθαι.
1477 815 1650 867 ταῦτα
1683 811 1753 883 δὴ

71 891 176 954 οὖν
206 898 300 953 καὶ
330 898 630 970 ἀγανακτεῖ
658 897 690 955 ὅ
720 921 777 955 τε
808 899 985 971 πατὴρ
1017 900 1110 955 καὶ
1143 902 1201 955 οὗ
1229 899 1392 956 ἄλλοι
1425 903 1635 971 οἰκεῖοι,
1669 898 1754 956 ὅτι

73 983 177 1056 ἐγώ
208 984 346 1059 ὑπὲρ
370 990 472 1042 τοῦ
497 986 861 1060 ἀνδροφόνου
884 991 958 1061 τῷ
985 988 1149 1061 πατρὶ
1174 987 1358 1059 φόνου
1385 989 1755 1060 ἐπεξέρχομαι,

75 1071 202 1130 οὔτε
240 1071 651 1145 ἀποκτείναντι,
692 1073 766 1141 ὥς
805 1091 977 1146 φασιν
1010 1078 1236 1146 ἐκεῖνοι,
1278 1074 1399 1132 οὔτ’
1444 1079 1495 1132 εἰ
1532 1075 1617 1131 ὅτι
1655 1075 1757 1147 μά-

72 1167 230 1217 λιστα
254 1162 597 1234 ἀπέκτεινεν,
628 1161 994 1235 ἀνδροφόνου
1017 1185 1080 1234 γε
1113 1162 1275 1228 ὄντος
1305 1167 1407 1219 τοῦ
1433 1161 1756 1219 ἀποθανόν-

8 1279 10 1281 >
71 1270 181 1321 τος,
207 1248 277 1306 οὐ
309 1254 429 1306 δεῖν
454 1255 768 1323 φροντίζειν
793 1249 931 1330 ὑπὲρ
956 1254 1056 1306 τοῦ
1080 1250 1363 1307 τοιούτου·
1390 1249 1624 1307 ἀνόσιον
1648 1249 1754 1324 γὰρ

0 1358 17 1390 .·
77 1335 241 1411 Ιεῖναι
278 1336 340 1393 τὸ
381 1336 510 1394 υἱὸν
547 1339 712 1410 πατρὶ
752 1338 934 1410 φόνου
974 1340 1267 1406 ἐπεξιέναι·
1306 1342 1490 1405 κακῶς
1527 1337 1807 1409 εἰδότες,Ε

74 1419 119 1481 ὦ
158 1425 482 1498 Σώκρατες,
519 1425 582 1482 τὸ
622 1434 785 1483 θεῖον
825 1424 899 1493 ὥς
939 1431 1047 1498 ἔχει
1078 1430 1179 1483 τοῦ
1212 1424 1375 1483 ὁσίου
1412 1448 1470 1483 τε
1507 1427 1632 1499 πέρι
1662 1426 1755 1482 καὶ

0 1514 2 1517 ’
74 1516 175 1568 τοῦ
214 1512 463 1569 ἀνοσίου.

221 1609 316 1654 ΣΩ.
373 1601 462 1658 Σὺ
504 1602 566 1659 δὲ
605 1602 673 1674 δὴ
705 1602 842 1675 πρὸς
874 1603 1038 1673 Διός,
1081 1596 1124 1659 οἷ
1159 1601 1508 1675 Εὐθύφρον,
1551 1600 1756 1658 οὑτωσὶ

75 1687 315 1762 ἀκριβῶς
370 1696 474 1745 οἴει
527 1691 856 1746 ἐπίστασθαι
901 1690 1025 1762 περὶ
1070 1693 1184 1747 τῶν
1229 1696 1431 1762 θείων,
1481 1689 1587 1763 ὅπῃ
1628 1694 1756 1762 ἔχει,

74 1778 166 1833 καὶ
210 1781 323 1834 τῶν
374 1775 546 1833 ὁσίων
591 1799 649 1834 τε
693 1780 784 1834 καὶ
835 1777 1105 1849 ἀνοσίων,
1162 1777 1302 1835 ὥστε
1347 1779 1562 1835 τούτων
1609 1776 1755 1833 οὕτω

75 1865 469 1937 πραχθέντων,
532 1863 607 1931 ὥς
668 1864 737 1921 σὺ
792 1866 993 1936 λέγεις,
1050 1864 1118 1921 οὐ
1183 1871 1350 1937 φοβεῖ
1402 1865 1757 1936 δικαζόμενος

75 1957 150 2028 τῷ
190 1957 383 2026 πατρί,
423 1951 571 2018 ὅπως
608 1952 683 2024 μὴ
723 1947 795 2008 αὖ
835 1953 905 2009 σὺ
947 1952 1180 2009 ἀνόσιον
1218 1957 1443 2027 πρᾶγμα
1482 1952 1758 2025 τυγχάνῃς

76 2040 360 2113 πράττων;

223 2137 364 2181 ΕΤΘ.
432 2126 615 2184 Οὐδὲν
653 2127 758 2200 γὰρ
798 2127 871 2184 ἄν
911 2150 1019 2199 μου
1059 2127 1261 2200 ὄφελος
1299 2136 1402 2200 εἴη,
1444 2123 1487 2186 ὦ
1527 2129 1757 2200 Σώκρα-

77 2238 181 2288 τες,
222 2215 358 2272 οὐδέ
391 2237 467 2291 τῳ
515 2212 587 2271 ἀν
642 2216 896 2288 διαφέροι
934 2216 940 2289 Ι
976 2215 1308 2288 Εὐθύφρων
1361 2220 1473 2272 τῶν
1535 2220 1802 2273 πολλῶνὸ

0 2291 1 2296 ¹
78 2302 423 2377 ἀνθρώπων,
463 2306 514 2359 εἰ
550 2301 623 2374 μὴ
655 2303 720 2358 τὰ
759 2312 988 2359 τοιαῦτα
1025 2302 1204 2358 πάντα
1243 2302 1483 2376 ἀκριβοῦς
1514 2308 1734 2377 εἰδείην.

225 2394 290 2448 V.
365 2400 460 2444 ΣΩ.
506 2384 622 2464 Ἆρ’
675 2385 779 2447 οὖν
826 2413 949 2463 μοι,
997 2384 1042 2447 οἶ
1087 2391 1371 2463 θαυμάσιε
1419 2390 1757 2465 Εὐθύφρον,

78 2479 373 2554 κράτιστόν
441 2482 553 2536 ἐστι
610 2483 832 2552 μαθητῇ
898 2482 976 2555 σῷ
1038 2480 1303 2550 γενέσθαι
1355 2480 1447 2535 καὶ
1500 2478 1606 2550 πρὸ
1662 2484 1759 2551 τῆς

53 2571 297 2640 ’γραφῆς
341 2570 437 2638 τῆς
474 2566 613 2640 πρὸς
651 2568 913 2637 Μέλητον
960 2565 1100 2622 αὐτὰ
1146 2570 1318 2622 ταῦτα
1356 2574 1759 2640 προκαλεῖσθαι

81 2653 252 2711 αὐτὸν
290 2654 541 2725 λέγοντα,
582 2652 667 2710 ὅτι
699 2657 868 2724 ἔγωγε
899 2653 991 2708 καὶ
1024 2657 1083 2709 ἐν
1115 2657 1190 2729 τῷ
1224 2658 1541 2727 ἔμπροσθεν
1572 2655 1757 2730 χρόνῳ

80 2740 146 2797 τὰ
201 2749 332 2797 θεῖα
392 2742 517 2813 περὶ
573 2744 784 2797 πολλοῦ
851 2740 1155 2812 ἐποιούμην
1217 2743 1449 2812 εἰδέναι,
1504 2741 1597 2796 καὶ
1650 2744 1758 2797 νῦν

81 2828 267 2899 ἐπειδή
317 2849 382 2899 με
422 2830 629 2893 ἐκεῖνος
667 2827 1161 2900 αὐτοσχεδιάζοντά
1203 2845 1339 2902 φησι
1376 2829 1468 2883 καὶ
1507 2850 1757 2884 καινοτο-
