2020 3198
851 169 1093 216 ΦΑΙΔΩΝ.
1718 170 1823 224 153

145 286 493 360 ἀπολεῖσθαι,
533 287 602 345 οὐ
639 290 827 360 μέντοι
871 289 1002 345 ποτὲ
1038 292 1334 361 τολμήσειν
1381 289 1683 360 δεξάμενον
1720 287 1823 360 τὴν

143 374 461 448 ψυχρότητα
485 380 563 432 ἔτι
587 373 730 432 εἶναι
755 374 888 447 ὅπερ
906 369 994 448 ἦν,
1012 380 1123 449 πῦρ
1141 377 1232 433 καὶ
1250 376 1503 449 ψυχρόν.’
1538 383 1546 445 Ι
1580 374 1824 447 “ἀληθῆ,’
1842 387 1879 433 Ε

145 467 270 534 ἔφη,
317 464 541 534 ελέγεις’
627 465 796 519 εἔστιν
842 463 988 536 ἱέραξ
1034 458 1068 535 ἦ
1118 461 1170 520 δ’
1223 462 1302 534 ὅς,
1358 464 1501 535 *περὶ
1547 467 1668 519 ἔνια
1712 466 1824 520 τῶν

143 551 431 622 τοιούτων,
464 549 602 607 ὥστε
631 550 705 624 μὴ
738 551 917 623 μόνον
948 549 1083 608 αὐτὸ
1117 550 1179 608 τὸ
1213 549 1361 617 εἶδος
1393 549 1692 618 ἀξιοῦσθαι
1722 554 1825 607 τοῦ

146 638 320 695 αὐτοῦ
359 637 631 711 ὀνόματος
677 643 754 706 εἰς
798 639 898 695 τὸν
947 638 1034 696 ἀεὶ
1079 641 1312 711 χρόνον,
1363 638 1504 695 ἄλλα
1551 639 1643 694 καὶ
1689 638 1824 694 ἄλλο

144 748 215 797 τι,
256 724 286 784 ὃ
327 731 441 783 ἔστι
478 727 581 798 μὲν
614 725 717 783 οὐκ
749 729 945 797 ἐκεῖνο,
987 731 1095 799 ἔχει
1127 727 1188 783 δὲ
1218 726 1321 798 τὴν
1355 729 1572 783 ἐκείνου
1602 725 1826 799 μορφὴν

146 813 254 884 ἀεί,
295 813 532 887 ὅτανπερ
577 808 628 888 ᾖ.
705 819 784 870 ἔτι
832 814 892 870 δὲ
941 816 1001 870 ἐν
1046 819 1232 871 τοῖσδε
1287 822 1419 880 ἴσως
1465 818 1615 870 ἔσται
1661 814 1828 886 σαφέ-

146 919 360 973 στερον,
400 901 432 958 ὃ
471 904 627 973 λέγω.
702 901 763 958 τὸ
802 900 910 973 γὰρ
950 900 1206 972 περιττὸν
1237 900 1328 957 ἀεί
1353 922 1463 958 που
1503 905 1592 958 δεῖ
1625 901 1829 957 τούτου

144 993 245 1046 τοῦ
296 988 568 1063 ὀνόματος
617 990 940 1062 τυγχάνειν,
996 990 1129 1062 ὅπερ
1178 994 1285 1046 νῦν
1331 992 1589 1062 λε’γομεν·
1627 987 1664 1062 ἢ
1713 990 1827 1058 οὔ;’

146 1077 314 1134 “πάνυ
350 1081 446 1150 ys?
488 1073 618 1151 εοἶρα
658 1079 836 1150 μόνον
874 1082 987 1135 τῶν
1028 1077 1234 1150 ὄντων,
1272 1082 1438 1135 τοῦτο
1477 1077 1585 1150 γὰρ
1624 1080 1828 1150 ἐρωτῶ,

144 1162 179 1236 ἢ
225 1166 318 1221 καὶ
363 1165 498 1223 ἄλλο
544 1188 620 1237 τι,
679 1166 709 1222 ὃ
766 1171 882 1223 ἔστι
935 1167 1036 1238 μὲν
1083 1164 1186 1239 οὐχ
1233 1165 1366 1239 ὅπερ
1412 1165 1474 1223 τὸ
1511 1169 1521 1238 Ι
1552 1166 1917 1239 περιττόν,104

146 1252 294 1325 ὅμως
326 1254 388 1311 δὲ
420 1258 508 1310 δεῖ
537 1253 669 1311 αὐτὸ
704 1255 835 1326 μετὰ
868 1258 969 1310 τοῦ
1002 1256 1203 1311 ἑαυτοῦ
1237 1253 1512 1326 ὀνόματος
1541 1254 1633 1309 καὶ
1662 1257 1828 1310 τοῦτο

145 1349 334 1399 καλεῖν
373 1340 460 1398 ἀεὶ
500 1341 594 1398 διὰ
630 1342 692 1398 τὸ
734 1341 880 1399 οὕτω
919 1344 1224 1414 πεφυκέναι
1257 1341 1395 1399 ὥστε
1432 1345 1535 1398 τοῦ
1571 1345 1830 1415 περιττοῦ

146 1430 418 1500 μηδέποτε
455 1429 880 1496 ἀπολείπεσθαι;
926 1431 1067 1502 λέγω
1109 1430 1171 1487 δὲ
1209 1429 1345 1487 αὐτὸ
1393 1427 1535 1485 εἶναι
1577 1424 1701 1486 οἷον
1737 1430 1828 1485 καὶ

146 1515 180 1588 ἡ
221 1516 375 1589 τριὰς
412 1519 660 1574 πέπονθε
697 1520 789 1574 καὶ
821 1518 962 1574 ἄλλα
992 1518 1186 1575 πολλοί.
1256 1517 1448 1574 σκόπει
1479 1517 1542 1574 δὲ
1578 1517 1704 1590 περὶ
1733 1520 1831 1589 τῆς

145 1604 386 1677 τριάδος.
462 1598 572 1678 ἆρα
610 1604 679 1662 οὐ
719 1609 874 1662 δοκεῖ
910 1622 999 1662 σοι
1043 1608 1118 1682 τῷ
1157 1626 1217 1661 τε
1255 1603 1426 1676 αὑτῆς
1473 1603 1706 1676 ὀνόματι
1744 1604 1831 1661 ἀεὶ

146 1693 590 1764 προσαγορευτέα
629 1690 772 1750 εἶναι
810 1694 903 1749 καὶ
947 1697 1022 1769 τῷ
1062 1697 1163 1750 τοῦ
1203 1696 1487 1766 περιττοῦ,
1529 1691 1690 1759 ὄντος
1729 1691 1831 1764 οὐχ

149 1773 317 1851 οὗπερ
356 1784 453 1852 τῆς
488 1781 739 1854 τριάδος;
779 1780 904 1837 ἀλλ’
957 1780 1106 1852 ὅμως
1153 1779 1298 1837 οὕτω
1338 1800 1453 1846 πως
1490 1781 1701 1851 πέφυκε
1737 1782 1831 1836 καὶ

146 1867 181 1940 ἡ
206 1867 362 1941 τριὰς
391 1869 482 1924 καὶ
507 1867 542 1940 ἡ
569 1868 811 1940 πεμπτὰς
841 1869 935 1924 καὶ
968 1867 997 1925 ὁ
1030 1867 1232 1940 ἥμισυς
1262 1872 1362 1924 τοῦ
1395 1867 1645 1942 ἀριθμοῦ
1670 1867 1829 1940 ἅπας,

148 1955 286 2012 ὥστε
325 1953 428 2011 οὐκ
474 1953 555 2012 ὢν
594 1955 727 2028 ὅπερ
774 1956 836 2012 τὸ
886 1954 1141 2029 περιττὸν
1195 1954 1283 2011 ἀεὶ
1330 1957 1554 2022 ἕκαστος
1595 1963 1602 2024 Ι
1644 1955 1884 2013 αὐτῶνΒ

149 2045 262 2099 ἐστι
314 2043 585 2115 περιττός·
637 2046 730 2100 καὶ
780 2037 854 2099 αὖ
905 2043 972 2099 τὰ
1028 2043 1132 2100 δύο
1189 2044 1281 2099 καὶ
1337 2043 1404 2100 τὰ
1457 2045 1685 2117 τέτταρα
1737 2045 1830 2100 καὶ

148 2130 290 2196 ἅπας
328 2128 357 2186 ὁ
400 2132 582 2202 ἕτερος
629 2125 701 2187 αὖ
748 2136 931 2203 στίχος
974 2135 1076 2187 τοῦ
1122 2131 1370 2203 ἀριθμοῦ
1420 2130 1522 2188 οὐκ
1568 2129 1647 2189 ὢν
1695 2131 1829 2205 ὅπερ

147 2218 208 2275 τὸ
265 2217 460 2290 ἄρτιον
516 2217 663 2289 ὅμως
724 2219 948 2284 ἓὸιαστος
1011 2217 1197 2275 αὐτῶν
1259 2217 1448 2291 ἄρτιός
1510 2220 1659 2275 ἐστιν
1721 2219 1831 2276 ἀεί·

149 2317 450 2379 συγχωρεῖς
479 2303 514 2377 ἢ
547 2305 660 2373 οὔ;’
701 2308 835 2372 επαῖς
864 2305 972 2378 γὰρ
999 2305 1100 2362 οὔκ
1115 2308 1147 2372 ;’
1176 2311 1297 2378 ἔφη.
1361 2303 1412 2362 ’ὃ
1435 2308 1670 2377 τοίνυν,’
1704 2311 1829 2379 ἔφη,

149 2393 443 2465 (βούλομαι
475 2396 738 2465 δηλῶσαι,
770 2392 953 2467 ἄθρει.
1008 2398 1156 2450 ἔστιν
1190 2393 1252 2449 δὲ
1283 2394 1429 2465 τόδε,
1464 2392 1549 2450 ὅτι
1573 2399 1831 2466 φαίνεται

151 2479 218 2536 οὐ
251 2481 426 2552 μόνον
453 2483 635 2537 ἐκεῖνα
664 2480 730 2537 τὰ
765 2482 989 2537 ἐναντία
1021 2479 1232 2552 ἄλληλα
1265 2478 1334 2536 οὐ
1367 2480 1656 2552 δεχόμενα,
1689 2480 1828 2537 ἀλλὰ

149 2568 240 2623 καὶ
281 2566 384 2624 ὅσα
424 2567 526 2624 οὐκ
565 2566 681 2624 ὅντ’
725 2566 984 2639 ἀλλήλοις
1023 2569 1247 2624 ἐναντία
1287 2572 1397 2640 ἔχει
1429 2567 1515 2624 ἀεὶ
1546 2567 1830 2638 τάναντία,

152 2653 284 2711 οὐδὲ
320 2658 493 2711 ταῦτα
533 2659 675 2712 ἔοικε
714 2656 1032 2727 δεχομένοις
1071 2656 1288 2726 ἐκείνην
1325 2654 1428 2726 τὴν
1469 2656 1644 2726 ἰδέαν,
1683 2653 1718 2725 ἢ
1758 2651 1830 2710 ἄν

149 2747 214 2815 τῇ
262 2744 322 2799 ἐν
368 2741 554 2807 αὐτοῖς
600 2742 739 2815 οὔσῃ
788 2745 1011 2798 ἐναντία
1050 2736 1112 2815 ᾖ,
1167 2739 1287 2798 ἀλλ’
1347 2742 1608 2813 ἐπιούσης
1662 2741 1831 2813 αὐτῆς

150 2828 274 2900 ἤτοι
319 2827 674 2900 ἀπολλύμενα
726 2825 761 2902 ἢ
802 2834 810 2896 Ι
851 2826 1292 2900 ὖπεκχωροῦντα.
1374 2827 1409 2899 ἢ
1458 2826 1526 2885 οὐ
1575 2828 1878 2901 φήσομενΟ
