2020 3198
239 180 312 231 24
585 171 594 179 ‘
916 182 1253 225 ΠΛΑΤΩΝΟΣ

388 305 484 347 ΣΩ·
561 297 678 353 Καὶ
740 291 812 354 αὖ
880 296 942 354 τὸ
1016 298 1240 355 διδόναι
1303 297 1516 371 ὀρθῶς,
1578 289 1660 354 ὦν
1721 299 1920 355 ἐκεῖνοι

181 390 220 435 Ε
242 383 248 458 Ι
267 384 643 458 τυγχάνουσιν
706 385 962 458 δεόμενοι
1031 386 1162 457 παρ’
1218 384 1405 459 ἡμῶν,
1466 389 1640 442 ταῦτα
1694 388 1921 451 ἐκείνοις

238 466 310 528 αὖ
357 471 819 547 άντιδωρεῖσθαι;
876 472 944 531 οὐ
998 474 1105 546 γάρ
1152 494 1262 530 που
1305 473 1559 547 τεχνικόν
1603 473 1656 546 γ’
1711 471 1782 530 ἂν
1833 481 1918 545 εἴη

240 563 592 634 δωροφορεῖν
632 560 863 618 διδόντα
900 583 975 638 τῳ
1015 565 1187 618 ταῦτα
1227 557 1307 618 ὧν
1348 560 1517 618 οὐδὲν
1557 565 1743 619 δεῖται.

326 698 332 701 ,
385 657 526 703 ΕΤΘ.
598 647 806 721 Ἀληθῆ
846 650 1039 721 λέγεις,
1080 644 1123 706 ὦ
1165 650 1471 723 Σώκρατες.

1509 733 1532 758 ¹3·

385 745 482 791 ΣΩ.
554 735 853 811 Ἐμπορικὴ
902 737 1012 812 ἄρα
1068 760 1151 805 τις
1197 736 1269 794 ἂν
1316 746 1428 811 εἴη,
1488 762 1531 796 ω
1585 737 1920 810 Εὐθύφρον,
2016 727 2020 729 μ

236 825 398 897 τέχνη
438 822 473 896 ἡ
514 822 737 896 ὁσιότης
773 834 930 892 θεοῖς
967 827 1060 881 καὶ
1106 825 1431 899 ἀνθρώποις
1475 825 1605 899 παρ’
1648 825 1921 898 ἀλλήλων.
2015 823 2020 825 ’

385 921 527 968 ΕΤΘ.
602 912 921 987 Ἐμπορική,
961 919 1011 971 εἰ
1050 913 1224 981 οὕτως
1261 914 1427 986 ἥδιόν
1474 932 1565 972 σοι
1612 914 1920 986 ὀνομάζειν.

384 1010 481 1055 ΣΩ.
554 1000 697 1058 Ἀλλ’
752 1001 919 1059 οὐδὲν
966 1001 1130 1074 ἥδιον
1178 1007 1387 1074 ἔμοιγε,
1442 1007 1492 1060 εἰ
1540 1001 1613 1075 μὴ
1660 1001 1920 1074 τυγχάνει
2015 1001 2020 1003 “

236 1087 445 1161 ἀληθὲς
484 1087 566 1145 ὅν.
644 1089 865 1163 φράσον
906 1092 971 1146 δέ
1005 1113 1124 1163 μοι,
1170 1096 1252 1157 τίς
1289 1089 1324 1162 ἡ
1366 1090 1576 1163 ὠφελία
1613 1102 1728 1156 τοῖς
1763 1098 1919 1155 θεοῖς

235 1177 497 1250 τυγχάνει
543 1171 685 1233 οὖσα
733 1177 841 1235 ἀπὸ
886 1181 1000 1235 τῶν
1048 1179 1247 1251 δώρων
1295 1171 1374 1235 ὧν
1420 1177 1550 1251 παρ’
1592 1176 1750 1250 ἡμῶν
1788 1184 1920 1249 λαμ-

236 1266 536 1336 βάνουσιν;
584 1264 620 1322 ὂὶ
667 1267 769 1338 μὲν
822 1267 929 1341 γὰρ
984 1266 1232 1338 διδόασι,
1287 1266 1452 1322 παντὶ
1507 1270 1703 1338 δῆλον·
1750 1263 1921 1322 οὐδὲν
2012 1344 2014 1348 v

167 1375 219 1416 15
236 1354 344 1429 γὰρ
391 1354 525 1427 ἡμῖν
573 1357 724 1412 ἐστιν
771 1354 1018 1427 ἀγαθόν,
1055 1355 1060 1430 Ι
1104 1354 1189 1411 ὅτι
1235 1352 1307 1410 ἄν
1353 1352 1427 1427 μὴ
1475 1356 1675 1411 ἐκεῖνοι
1723 1358 1919 1411 δῶσιν·

235 1441 271 1499 ἃ
335 1444 396 1500 δὲ
456 1443 586 1516 παρ’
651 1443 809 1515 ἡμῶν
870 1444 1281 1516 λαμβάνουσιν,
1342 1448 1400 1499 τί
1449 1442 1822 1515 ὥφελοῦνταις
1884 1439 1919 1514 ἢ

234 1536 505 1588 τοσοῦτον
559 1531 745 1588 αὐτῶν
798 1535 1234 1603 πλεονεκτοῦμεν
1287 1530 1423 1587 κατὰ
1475 1531 1579 1602 τὴν
1632 1533 1919 1603 ἐμπορίαν,

237 1619 374 1678 ὥστε
412 1620 594 1676 πάντα
629 1619 697 1676 τὰ
737 1619 926 1691 α’γαθὰ
966 1618 1095 1693 παρ’
1141 1617 1327 1675 αὐτῶν
1366 1618 1748 1691 λαμβάνομεν,
1789 1622 1919 1676 ἐκεῖ·

239 1731 326 1766 νοι
367 1708 428 1765 δὲ
466 1706 595 1782 παρ’
639 1707 799 1780 ἡμῶν
840 1707 1034 1775 οὐδέν;

383 1805 523 1850 ΕΥΘ.
600 1795 742 1852 Ἀλλ’
789 1804 917 1868 οἰέι,
958 1790 1000 1853 ὦ
1041 1796 1357 1869 Σώκρατες,
1402 1795 1534 1862 τοὺς
1571 1795 1741 1862 θεοὺς
1779 1795 1919 1867 ὠφε-

239 1895 458 1943 λεῖσθαι
496 1884 605 1942 ἀπὸ
644 1885 878 1956 τούτων,
919 1883 954 1940 ἃ
992 1884 1122 1958 παρ’
1165 1882 1322 1957 ἡμῶν
1361 1883 1774 1956 λαμβάνουσιν;

387 1985 483 2030 Σῼ.
557 1974 718 2030 Ἀλλά
775 1979 833 2030 τί
883 1972 1079 2045 δήποτ’
1133 1971 1204 2029 ἂν
1259 1981 1343 2044 εἴη
1389 1976 1587 2043 ταῦτα,
1642 1966 1686 2029 ὦ
1734 1971 1920 2029 Εὐθύ-

238 2085 403 2137 φρον,
441 2062 508 2119 τὰ
548 2062 679 2135 παρ’
722 2061 881 2134 ἡμῶν
922 2066 1076 2135 δῶρα
1113 2072 1229 2127 τοῖς
1266 2069 1447 2129 θεοῖς;

384 2160 525 2204 ΕΤΘ.
611 2156 679 2207 Τί
724 2150 775 2207 δ’
830 2158 934 2208 οἴει
980 2150 1117 2207 ἄλλο
1165 2147 1199 2221 ἢ
1246 2150 1374 2222 τιμή
1413 2170 1471 2205 τε
1507 2149 1600 2205 καὶ
1637 2151 1772 2224 γέρα
1809 2154 1918 2221 καί,

236 2238 370 2312 ὅπερ
412 2239 516 2311 ε’γώ
559 2239 683 2312 ἄρτι
724 2244 932 2310 ἔλεγον,
971 2240 1152 2312 χάριςς

186 2340 219 2384 Β
384 2337 480 2382 ΣΩ.
557 2329 977 2399 Κεχαρισμένον
1039 2327 1146 2401 ἄρα
1188 2335 1195 2395 Ι
1238 2330 1413 2398 ἐστίν,
1476 2320 1519 2383 ὦ
1582 2325 1918 2399 Εὐθύφρον,

236 2415 298 2473 τὸ
341 2414 519 2486 ὅσιον,
560 2414 682 2471 ἀλλ’
728 2414 853 2487 οὐχὶ
893 2414 1173 2487 ὠφέλιμον
1214 2413 1349 2470 οὐδὲ
1386 2419 1555 2485 φίλον
1591 2425 1708 2481 τοῖς
1737 2422 1918 2481 θεοϊςς

384 2511 525 2557 ΕΤΘ.
610 2501 779 2574 Οἶμαι
820 2507 989 2574 ἔγωγε
1027 2503 1252 2559 πάντων
1290 2524 1352 2573 γε
1391 2500 1625 2572 μάλιστα
1665 2507 1849 2574 φίλον.

387 2600 483 2646 Σῼ.
568 2595 747 2648 Τοῦτο
797 2590 887 2664 ἄρ’
934 2591 1083 2647 ἐστὶν
1130 2584 1228 2662 αὖ,
1285 2588 1360 2656 ὥς
1406 2595 1575 2661 ἔοικε,
1627 2587 1690 2646 τὸ
1739 2587 1918 2661 ὅσιον,

234 2680 298 2736 τὸ
338 2691 455 2746 τοῖς
489 2687 649 2746 θεοῖς
686 2685 870 2751 φίλον.

385 2775 526 2819 ΕΤΘ.
607 2767 868 2823 Μάλιστά
907 2789 983 2839 γε.

386 2850 529 2912 XIX.
607 2864 703 2906 ΣΩ·
768 2854 1051 2926 Θαυμάσει
1092 2849 1197 2912 οὖν
1235 2859 1408 2911 ταῦτα
1446 2857 1648 2926 λέγων,
1688 2855 1787 2912 ἐάν
1830 2871 1915 2912 σοι
