2020 3198
227 154 296 205 12
895 155 1233 199 ΠΛΑΤΩΝΟΣ

223 292 312 336 τες
348 270 456 344 γὰρ
487 271 800 344 πάμπολλα,
830 271 1010 328 πάντα
1040 274 1265 328 ποιοῦσι
1296 272 1388 327 καὶ
1418 272 1642 346 λέγουσι
1672 271 1906 344 φεύγον-

225 380 312 424 τες
348 357 452 430 τὴν
492 363 670 431 δίκην.

373 454 471 500 ΣΩ.
533 440 609 502 Ἦ
666 448 760 503 καὶ
819 446 1220 519 ὁμολογοῦσιν,
1287 441 1332 505 (13
1387 447 1730 523 Εὐθύφρον,
1790 446 1906 504 ἀδι-

223 544 368 605 κεῖν,
407 535 501 590 καὶ
541 533 947 607 ὁμολογοῦντες
985 534 1133 607 ὅμως
1179 533 1248 591 οὐ
1295 539 1414 592 δεῖν
1461 553 1600 608 φασι
1646 540 1790 609 σφᾶς
1829 540 1906 593 δι-
1980 593 1986 596 ,

227 620 393 677 δόναι
432 625 620 694 δίκην;

374 718 515 762 ΕΤΘ.
574 709 848 782 Οὐδαμῶς
885 710 1050 767 τοῦτό
1089 733 1166 783 γε.

371 807 468 852 ΣΩ.
529 798 647 855 Οὐκ
679 798 789 872 ἄρα
831 802 943 855 πᾶν
974 821 1037 871 γε
1068 803 1293 856 ποιοῦσι
1331 800 1424 856 καὶ
1462 801 1699 871 λέγουσι.
1745 804 1909 858 τοῦτο

224 885 360 960 γάρ,
402 884 583 958 οἶμαι,
626 885 694 943 οὐ
733 890 978 958 τολμῶσι
1016 888 1197 958 λέγειν
1237 885 1360 943 οὐδ’
1404 886 1798 960 ἀμφισβητεῖν,
1837 887 1910 956 ὥς

167 973 371 1045 Βούχί,
413 981 565 1048 εἴπερ
605 974 871 1031 ἀδικοῦσί
903 998 992 1047 γε,
1028 976 1257 1049 Ιδοτέον
1305 979 1488 1047 δίκην·
1534 974 1690 1049 ἀλλ’,
1738 975 1910 1050 οἶμαι,

226 1060 297 1118 οῦ
336 1078 510 1134 φασιν
549 1061 791 1119 ἀδικεῖν.
829 1057 866 1134 ἦ
903 1063 1038 1137 γάρ;

373 1159 512 1204 ΕΤΘ.
565 1150 789 1223 Ἀληθῆ
830 1152 1018 1222 λέγεις.

375 1247 470 1293 ΣΩ.
532 1238 649 1296 Οὐκ
695 1238 805 1311 ἀρα
853 1240 1031 1295 ἐκεῖνό
1079 1262 1142 1311 γε
1188 1238 1661 1312 ἀμφισβητοῦσιν,
1714 1239 1790 1307 ὥς
1843 1240 1909 1298 οὐ

226 1324 327 1382 τὸν
360 1325 666 1383 ἀδικοῦντα
699 1331 787 1383 δεῖ
816 1327 1038 1383 διδόναι
1071 1331 1255 1398 δίκην·
1287 1325 1408 1384 ἀλλ’
1454 1331 1630 1385 ἐκεῖνο
1657 1335 1789 1395 ἴσως
1813 1328 1912 1401 ἀμ-

231 1418 585 1485 φισβητοῦσι,
607 1413 670 1471 τὸ
702 1419 786 1480 τίς
817 1417 965 1470 ἐστιν
993 1413 1021 1470 ὁ
1048 1413 1259 1472 ἀδικῶν
1283 1416 1374 1471 καὶ
1397 1421 1455 1472 τί
1475 1420 1627 1489 δρῶν
1651 1418 1743 1473 καὶ
1765 1417 1911 1474 πότε.

374 1511 515 1555 ΕΤΘ.
565 1502 790 1574 Ἀληθῆ
830 1504 1019 1574 λέγεις.

376 1599 471 1643 ΣΩ.
532 1590 758 1647 Οὐκοῦν
790 1590 932 1647 αὐτοὶ
962 1613 1024 1662 γε
1055 1595 1229 1648 ταῦτα
1259 1593 1351 1647 καὶ
1384 1594 1443 1648 ol*
1468 1593 1596 1650 θεοὶ
1627 1594 1909 1652 πεπόνθα-

230 1696 339 1751 σιν,
380 1686 531 1752 εἵπερ
572 1679 925 1747 στασιάζουσι
962 1680 1087 1750 περὶ
1125 1683 1238 1735 τῶν
1278 1684 1510 1737 δικαίων
1551 1681 1644 1737 καὶ
1682 1681 1911 1754 ἀδίκων,

229 1765 303 1835 ὥς
342 1766 372 1825 ὁ
412 1766 509 1834 σὸς
546 1767 735 1840 λόγος,
774 1768 866 1823 καὶ
908 1770 965 1824 οἰ
999 1769 1100 1839 μέν
1147 1785 1320 1840 φασιν
1368 1768 1641 1841 ἀλλήλους
1678 1769 1911 1841 ἀδικεῖν,

231 1859 288 1912 οἱ
324 1856 386 1913 δὲ
425 1855 495 1913 οὔ
534 1873 737 1929 φασιν;
786 1858 902 1913 ἐπεὶ
948 1857 1126 1913 ἐκεῖνό
1172 1879 1236 1929 γε
1275 1857 1482 1929 δήπου,
1530 1851 1574 1914 οἷ
1611 1857 1909 1929 θαυμάσιε,

180 1944 424 2012 Εούδεὶς
464 1945 592 2001 οὔτε
630 1949 786 2002 θεῶν
828 1944 956 2001 οὕτε
995 1944 1315 2018 ἀνθρώπων
1343 1946 1350 2020 Ι
1376 1949 1551 2019 τολμᾷ
1590 1948 1797 2018 λέγειν,
1838 1944 1912 2012 ὥς

232 2033 299 2090 οὐ
331 2037 407 2111 τῷ
446 2056 510 2105 γε
548 2032 840 2091 ἀδικοῦντι
881 2035 1075 2090 δοτέον
1115 2038 1292 2105 δίκην.

378 2130 519 2174 ΕΤΘ.
583 2128 725 2194 Ναί,
765 2126 931 2178 τοῦτο
971 2122 1073 2194 μὲν
1114 2121 1320 2194 ἀληθὲς
1358 2124 1555 2194 λέγεις,
1596 2116 1640 2179 ὦ
1679 2122 1907 2196 Σώκρα-
1996 2162 2000 2166 -

230 2232 342 2282 τες,
380 2209 444 2267 τὸ
483 2210 804 2281 κεφάλαιον.

378 2307 476 2353 ΣΩ.
526 2297 668 2354 Ἀλλ’
713 2298 946 2354 ἕκαστόν
983 2320 1071 2369 γε,
1112 2296 1289 2370 οἶμαι,
1331 2292 1376 2355 ὦ
1417 2298 1759 2371 Εὐθύφρον,
1797 2301 1910 2355 τῶν

230 2388 596 2461 πραχθέντων
650 2385 1098 2459 ἀμφισβητοῦσιν
1154 2389 1211 2442 οἱ
1264 2384 1764 2457 ἀμφισβητοῦντες,
1817 2387 1911 2442 καὶ

231 2474 525 2548 ἅνθρωποι
548 2473 642 2529 καὶ
665 2477 822 2544 θεοί,
847 2479 996 2545 εἴπερ
1024 2471 1469 2545 ἀμφισβητοῦσιν
1493 2478 1640 2529 θεοί·
1663 2474 1911 2547 πράξεώς

230 2584 381 2628 τινος
418 2563 543 2633 πέρι
583 2561 979 2634 διαφερόμενοι
1018 2563 1077 2616 οἷ
1118 2561 1218 2633 μὲν
1258 2564 1484 2627 δικαίως
1521 2562 1694 2633 φασὶν
1732 2560 1910 2634 αὐτὴν

232 2653 577 2724 πεπρᾶχθαι,
611 2652 669 2705 oc
705 2650 767 2705 δὲ
805 2648 1030 2716 ἀδίκως·
1069 2643 1160 2722 ἀρ’
1205 2648 1308 2722 οὐχ
1347 2647 1518 2717 οὕτω

379 2747 518 2790 ΕΤῼ.
575 2738 742 2794 Πάνυ
779 2760 856 2809 γε.

383 2829 447 2883 Χ.
526 2835 622 2877 ΣΩ.
671 2825 789 2882 Ἴθι
835 2849 970 2897 νυν,
1024 2819 1069 2883 ὦ
1118 2831 1244 2898 φίλε
1282 2824 1627 2899 Εὐθύφρον,
1680 2827 1910 2895 δίδαξον
