2020 3198
235 157 341 210 146
908 158 1250 203 ΠΛΑΤΩΝΟΣ

229 277 296 347 τῇ
334 274 492 331 πόλει
531 279 719 347 δίκην,
770 273 950 346 ἥντιν’
994 273 1067 330 ἂν
1105 274 1285 348 τάττῃ.
1363 272 1484 332 ἀλλ’
1529 283 1678 332 αἴτια
1717 276 1818 348 μὲν
1856 275 1922 332 τὰ
1992 322 1995 323 ⁷

229 365 459 418 τοιαῦτα
495 370 684 420 καλεῖν
722 368 850 419 λίαν
891 362 1122 420 ἄτοπον·
1163 367 1215 419 εἰ
1254 364 1320 419 δέ
1345 385 1427 430 τις
1458 365 1629 436 λέγοι,
1669 363 1755 421 ὅτι
1785 363 1925 421 ἄνευ

229 454 331 506 τοῦ
378 449 447 506 τὰ
493 454 722 508 τοιαῦτα
773 453 918 522 ἔχειν
966 453 1059 507 καὶ
1112 449 1246 507 ὀστᾶ
1302 452 1395 507 καὶ
1448 454 1621 524 νεῦρα
1671 454 1765 509 καὶ
1819 451 1923 509 ὅσα

230 539 369 595 ἄλλα
410 544 541 612 ἔχω,
589 539 691 596 οὐκ
730 537 803 596 ἀν
843 536 960 605 οἷός
998 539 1046 596 τ’
1089 533 1163 612 ἦν
1200 550 1383 595 ποιεῖν
1421 539 1488 596 τὰ
1528 539 1767 607 δόξαντά
1806 563 1922 613 μοι,
1995 540 1998 544 ’

230 626 416 700 ἀληθῆ
457 626 529 684 ἂν
567 629 742 699 λέγοι·
789 626 864 693 ὥς
908 630 1100 700 μέντοι
1150 627 1242 683 διὰ
1291 630 1465 683 ταῦτα
1509 631 1651 683 ποιῶ
1699 626 1736 684 ἃ
1781 634 1922 686 ποιῶ
2002 651 2003 654 ’

174 716 322 774 Βκαὶ
374 719 545 772 ταῦτα
598 719 679 792 νςό
733 716 979 789 πράττω,
1035 714 1156 771 ἀλλ’
1220 714 1288 771 οὐ
1339 719 1405 789 τῇ
1459 719 1561 772 τοῦ
1594 717 1602 788 Ι
1637 720 1924 787 βελτίστου

233 807 456 876 αἱρέσει,
495 804 670 877 πολλὴ
710 806 803 860 καὶ
842 803 1022 876 μακρὰ
1062 806 1315 878 ῥᾳθυμία
1361 801 1434 860 ἄν
1474 810 1558 875 εἴη
1597 807 1700 860 τοῦ
1736 805 1923 876 λόγου.

230 890 292 948 τὸ
332 891 439 963 γὰρ
478 891 552 964 μὴ
601 894 886 949 διελέσθαι
934 887 1058 947 οἶόν
1103 890 1149 947 τ’
1195 889 1365 961 εἶναι,
1416 889 1502 947 ὅτι
1548 891 1684 949 ἄλλο
1731 895 1834 965 μέν
1871 898 1930 950 τί

233 983 347 1036 ἐστι
383 980 445 1037 τὸ
487 988 666 1037 αἴτιον
704 984 780 1056 τῷ
829 980 975 1050 ὄντι,
1023 979 1158 1035 ἄλλο
1208 979 1269 1035 δὲ
1317 982 1524 1051 έκεῖνο,
1574 978 1709 1037 ἄνευ
1755 975 1824 1038 οὗ
1859 983 1923 1039 τὸ

233 1076 414 1124 αἴτιον
456 1066 557 1124 οὐκ
604 1068 676 1123 ἄν
720 1067 839 1124 ποτ’
893 1075 975 1138 εἴη
1027 1075 1230 1123 αἴτιον·
1278 1065 1308 1123 ὃ
1363 1067 1433 1139 δή
1464 1090 1576 1140 ,μοι
1625 1074 1924 1140 φαίνονται

232 1159 599 1228 ψηλαφῶντες
630 1159 688 1212 οἰ
715 1157 912 1212 πολλοὶ
945 1154 1126 1228 ὥσπερ
1161 1157 1223 1211 ἐν
1255 1155 1454 1228 σκότει,
1496 1155 1765 1233 ἀλλοτρίῳ
1798 1156 1924 1216 ὀνό-

233 1267 361 1317 ματι
414 1244 858 1317 προσχρώμενοι,
915 1243 988 1310 ὡς
1043 1252 1224 1300 αἴτιον
1280 1243 1415 1300 αὐτὸ
1471 1246 1923 1319 προσαγορεύειν.
2004 1291 2005 1294 ,

236 1332 324 1389 διὸ
367 1332 436 1404 δὴ
475 1334 569 1388 καὶ
608 1331 636 1388 ὁ
678 1333 779 1404 μέν
817 1354 899 1397 τις
939 1335 1103 1403 δίνην
1141 1333 1446 1403 περιτιθεὶς
1482 1337 1548 1406 τῇ
1580 1337 1650 1406 γῇ
1681 1332 1791 1391 ὑπὸ
1821 1338 1924 1392 τοῦ
2010 1320 2020 1347 ²

237 1419 485 1493 οὐρανοῦ
531 1422 721 1491 μένειν
770 1420 838 1491 δὴ
886 1430 1037 1476 ποιεῖ
1075 1419 1180 1491 τὴν
1225 1429 1357 1491 γῆν,
1405 1419 1435 1476 ὁ
1476 1421 1539 1477 δὲ
1578 1420 1759 1494 ὥσπερ
1795 1444 1922 1496 καρ-

235 1509 388 1584 δόπςο
428 1514 657 1583 πλατείᾳ
695 1509 919 1581 βάθρον
958 1508 1057 1564 τὸν
1090 1507 1223 1580 ἀέρα
1258 1506 1552 1581 ὑπερείδει·
1592 1510 1697 1582 τὴν
1729 1511 1791 1567 δὲ
1821 1515 1924 1589 τοῦ

184 1595 312 1662 Οοὸς
367 1593 490 1653 οἷόν
543 1619 601 1653 τε
642 1604 650 1666 Ι
691 1598 944 1667 βέλτιστα
999 1594 1139 1652 αὐτὰ
1191 1600 1426 1667 τεθῆναι
1482 1597 1725 1669 δύναμιν
1777 1597 1923 1655 οῦτω

234 1687 344 1740 νῦν
381 1694 620 1756 κεῖσθαι,
658 1685 867 1756 ταύτην
908 1684 1034 1740 οῦτε
1075 1687 1333 1755 ζητοῦσιν
1383 1683 1510 1741 οῦτε
1546 1684 1671 1741 τινὰ
1710 1693 1924 1743 οἴονται

237 1778 535 1846 δαιμονίαν
569 1773 732 1845 ἰσχὺν
765 1777 928 1845 ἔχειν,
961 1771 1099 1828 ἀλλὰ
1130 1770 1401 1843 ἡγοῦνται
1433 1773 1637 1829 τούτου
1652 1771 1924 1831 ’Ἄτλαντα

236 1862 308 1919 ἀν
352 1883 483 1919 ποτε
522 1861 883 1934 ἰσχυρότερον
936 1861 1029 1916 καὶ
1084 1858 1517 1932 ἀθανατιότερον
1566 1862 1660 1918 καὶ
1708 1865 1924 1933 μᾶλλον

236 1951 451 2007 ἅπαντα
484 1953 787 2023 συνέχοντα
819 1954 1076 2021 ἐξευρεῖν,
1116 1949 1210 2004 καὶ
1242 1947 1316 2015 ὡς
1347 1947 1576 2021 ἀληθῶς
1606 1947 1671 2006 τὸ
1702 1948 1924 2022 ἀγαθὸν

234 2041 327 2096 καὶ
360 2042 492 2097 δέον
526 2042 750 2106 ξυνδεῖν
785 2039 878 2094 καὶ
912 2039 1166 2109 συνέχειν
1200 2035 1368 2093 οὐδὲν
1401 2044 1629 2094 οἰόνται.
1684 2037 1788 2110 ἐγώ
1820 2040 1923 2110 μὲν

238 2122 343 2184 οῦν
365 2132 462 2200 τῆς
485 2127 746 2199 τοιαύτης
767 2130 960 2196 αἰτίας,
979 2120 1086 2199 ὅπῃ
1110 2125 1239 2182 ποτὲ
1262 2130 1388 2198 ἔχει,
1406 2125 1660 2198 μαθητὴς
1683 2124 1925 2183 ὁτουοῦν

235 2214 414 2287 ἥδιστ’
460 2213 531 2272 ἂν
570 2220 861 2287 γενοίμην·
909 2213 1095 2285 ἐπειδὴ
1138 2214 1200 2270 δὲ
1237 2213 1439 2286 ταύτης
1478 2214 1787 2287 ἐστερήθην
1831 2214 1924 2271 καὶ

238 2301 357 2358 οὔτ’
395 2301 560 2368 αὐτὸς
593 2301 778 2375 εὑρεῖν
812 2304 938 2358 οὔτε
968 2300 1099 2373 παρ’
1136 2301 1310 2358 ἄλλου
1334 2310 1540 2373 μαθεῖν
1573 2297 1692 2367 οἶός
1721 2323 1779 2357 τε
1813 2303 1926 2373 ἐγε-

179 2401 219 2444 D
238 2393 437 2463 νόμην,
470 2390 570 2446 τὸν
589 2391 596 2464 1
618 2390 884 2463 δεύτερον
915 2394 1095 2445 πλοῦν
1122 2390 1208 2444 ἐπὶ
1232 2389 1336 2460 τὴν
1365 2393 1463 2461 τῆς
1493 2393 1671 2454 αἰτίας
1703 2388 1925 2460 ζήτησιν

235 2472 273 2552 ᾗ
304 2477 813 2550 πεπραγμάτευμαι,
838 2476 1029 2547 βούλει
1061 2478 1188 2547 σοι,’
1215 2481 1339 2547 ἔφη,
1372 2478 1655 2542 (ἐπίδειξιν
1685 2476 1925 2548 ποιήσω-

238 2589 353 2638 μαι,
379 2560 421 2622 ὦ
447 2567 676 2636 Κέβης;’
703 2564 1022 2638 εὑπερφυῶς
1046 2564 1147 2636 μὲν
1174 2558 1315 2634 οὖν,’
1349 2568 1472 2636 ἔφη,
1499 2562 1595 2630 ‘a‘zg
1616 2564 1926 2637 βούλομαι.’

385 2654 632 2708 XLVIII.
675 2651 891 2719 ‘''Edogs
915 2656 1112 2707 τοίνυν
1138 2654 1268 2723 μοι,’
1302 2646 1337 2723 ἦ
1363 2652 1416 2708 δ’
1448 2651 1526 2723 ὅς,
1559 2652 1712 2724 εμετὰ
1735 2656 1925 2724 ταῦτα,

238 2738 426 2812 ἐπειδὴ
467 2738 735 2814 ἀπείρηκα
773 2740 840 2796 τὰ
882 2740 1018 2796 ὄντα
1058 2744 1306 2811 σκοπῶν,
1356 2744 1475 2796 δεῖν
1524 2739 1926 2812 εὐλαβηθῆναι,

237 2829 311 2901 μὴ
351 2828 618 2901 πάθοιμι,
669 2828 801 2901 ὅπερ
844 2830 901 2885 οἱ
935 2827 1035 2885 τὸν
1082 2827 1244 2900 ἥλιον
1285 2830 1603 2885 ἐκλείποντα
1641 2831 1927 2902 θεωροῦν-
