2020 3198
819 146 1058 191 ΦΑΙΔΩΝ.
1675 145 1782 198 173

99 261 246 334 μάλα
306 261 543 335 εὐχερῶς
599 262 692 318 καὶ
753 261 995 329 εὐκόλως
1059 264 1281 330 ἐξέπιεν.
1362 263 1455 318 καὶ
1517 260 1676 334 ἡμῶν
1731 264 1789 318 οἷ

19 417 31 420 ὴ
99 350 294 406 πολλοὶ
338 351 472 417 τέως
519 349 620 422 μὲν
675 352 922 416 ἐπιεικῶς
975 347 1091 407 οἷοί
1132 371 1189 406 τε
1234 343 1380 422 ἦσαν
1426 351 1673 422 κατέχειν
1720 349 1783 406 τὸ

101 435 174 509 μὴ
223 436 510 511 δακρύειν,
567 437 640 504 ὡς
691 438 752 494 δὲ
806 442 1030 510 εἴδομεν
1077 437 1312 494 πίνοντά
1366 458 1423 494 τε
1469 439 1562 493 καὶ
1608 456 1785 494 πεπω-

101 524 260 596 κότα,
316 525 524 597 οὐκέτι,
579 525 701 582 ἀλλ’
753 529 889 598 ἐμοῦ
941 549 1003 598 γε
1054 531 1150 601 βία
1198 527 1291 582 καὶ
1338 524 1512 581 αὐτοῦ
1560 524 1785 582 ἀστακτὶ

103 612 296 687 ἐχώρει
348 614 414 669 τὰ
478 614 718 688 δάκρυα,
782 613 921 671 ὥστε
977 614 1430 687 ἐγκαλυψάμενος
1488 613 1786 670 ἀπέκλαιον

104 701 364 773 ἐμαυτόν·
412 700 481 759 οὐ
518 702 626 775 γὰρ
666 701 735 774 δὴ
788 703 1003 759 ἐκεῖνόν
1049 726 1137 775 γε,
1192 701 1332 758 ἀλλὰ
1386 702 1491 774 τὴν
1545 704 1786 774 ἐμαυτοῦ

102 789 294 862 τύχην,
335 792 460 846 οἴου
498 789 704 863 ἀνδρὸς
738 792 745 863 Ι
780 791 1003 864 ἑταίρου
1043 791 1401 863 ἐστερημένος
1439 797 1575 861 εἴην.
1654 788 1683 846 6
1726 789 1845 846 δὲῖ)

104 882 329 950 Κρίτων
382 882 460 934 ἔτι
512 878 779 951 πρότερος
835 881 996 950 ἐμοῦ,
1051 878 1239 950 ἐπειδὴ
1296 876 1399 949 οὐχ
1453 875 1571 944 οἶός
1616 875 1663 932 τ’
1715 871 1787 948 ἦν

103 967 349 1038 κατέχειν
393 965 459 1022 τὰ
508 966 746 1040 δάκρυα,
796 969 1068 1038 ἐξανέστη.
1141 966 1558 1038 Ἀπολλόδωρος
1597 965 1659 1021 δὲ
1695 965 1787 1020 καὶ

106 1056 166 1110 ἐν
203 1057 278 1130 τῷ
320 1058 636 1126 ἔμπροσθεν
676 1054 860 1129 χρόνῳ
902 1054 1071 1111 οὐδὲν
1112 1053 1344 1111 ἐπαύετο
1378 1053 1657 1126 δακρύων,
1695 1053 1787 1108 καὶ

107 1140 175 1211 δὴ
215 1142 305 1196 καὶ
343 1141 466 1197 τότε
503 1141 1033 1215 ἀναβρυχησάμενος
1079 1146 1288 1198 κλαίων
1326 1141 1419 1196 καὶ
1459 1140 1788 1212 ἀγανακτῶν

109 1228 314 1284 οὐδένα
353 1228 547 1286 ὅντινα
594 1229 662 1286 οὐ
708 1232 1004 1287 κατέκλασε
1049 1234 1162 1286 τῶν
1211 1229 1507 1302 παρόντων
1546 1228 1691 1300 πλήν
1728 1250 1790 1299 γε

109 1315 283 1372 αὐτοῦ
322 1317 671 1391 Σωκράτους.
738 1320 946 1384 ἐκεῖνος
986 1319 1067 1374 δέ·
1108 1312 1257 1389 “οἷα,’
1299 1320 1424 1388 ἔφη,
1466 1319 1705 1388 (ποιεῖτε,
1746 1310 1789 1373 ὦ

109 1404 428 1476 θαυμάσιοι.
503 1404 608 1476 ἐγὼ
656 1406 844 1476 μέντοι
884 1405 985 1477 οὐχ
1022 1404 1220 1477 ἥκιστα
1257 1403 1460 1460 τούτου
1499 1405 1660 1461 ἕνεκα
1696 1402 1792 1470 τὰς

110 1504 373 1564 γυναῖκας
411 1491 719 1564 ἀπέπεμψα,
760 1495 854 1549 ἵνα
893 1493 966 1565 μὴ
1007 1496 1238 1550 τοιαῦτα
1268 1498 1662 1564 πλημμελοῖεν·
1699 1494 1792 1548 καὶ

109 1579 215 1654 γὰρ
269 1579 503 1652 ἀκήκοα,
560 1579 643 1636 ὅτι
699 1583 760 1637 ἐν
814 1580 1061 1656 εὐφημίᾳ
1101 1582 1109 1654 Ι
1151 1578 1253 1653 χρὴ
1309 1584 1583 1637 τελευτᾶν.
1660 1579 1841 1637 ἀλλἘ

109 1667 346 1741 ἡσυχίαν
399 1690 458 1724 τε
515 1667 671 1740 ἄγετε
721 1670 811 1725 καὶ
863 1670 1205 1743 καρτερεῖτε.’
1282 1668 1374 1723 καὶ
1425 1665 1578 1739 ἡμεῖς
1628 1666 1793 1724 ἀκού-

111 1774 303 1823 σαντες
354 1755 715 1830 ᾑσχύνθημέν
770 1779 826 1813 τε
880 1758 971 1813 καὶ
1021 1758 1318 1828 ἐπέσχομεν
1364 1759 1466 1812 τοῦ
1514 1756 1791 1829 δακρύειν.

111 1844 140 1902 6
182 1846 243 1902 δὲ
280 1845 608 1918 περιελθών,
651 1844 837 1916 ἐπειδή
879 1848 936 1901 οὗ
970 1845 1320 1918 βαρύνεσθαι
1361 1848 1466 1915 ἔφη
1506 1843 1574 1899 τὰ
1611 1846 1791 1915 σκέλη,

110 1939 406 2005 κατεκλίθη
461 1931 671 1998 ὕπτιος·
730 1931 873 1988 οὕτω
929 1932 1035 2006 γὰρ
1085 1934 1331 1988 ἐκέλευεν
1385 1929 1414 1987 6
1472 1930 1793 2004 ἄνθρωπος·

111 2023 201 2078 καὶ
250 2020 361 2093 ἅμα
409 2020 786 2092 ἐφαπτόμενος
840 2019 1013 2076 αὐτοῦ
1071 2013 1234 2085 οὗτος
1285 2016 1314 2074 6
1365 2017 1501 2086 δοὺς
1545 2018 1607 2075 τὸ
1655 2020 1793 2093 φάρ-

114 2132 314 2182 μακον,
373 2107 642 2164 διαλιπὼν
700 2107 908 2180 χρόνον
960 2107 1244 2164 ἐπεσκόπει
1299 2106 1430 2173 τοὺς
1478 2107 1654 2173 πόδας
1702 2109 1792 2163 καὶ

114 2197 180 2252 τὰ
234 2197 421 2267 σκέλη,
476 2194 702 2251 κᾶπειτα
757 2194 980 2267 σφόδρα
1032 2196 1224 2260 πιέσας
1278 2192 1454 2250 αὐτοῦ
1503 2194 1602 2251 τὸν
1648 2195 1794 2251 πόδα

115 2285 300 2358 ἤρετο,
348 2288 398 2339 εἰ
442 2283 793 2339 αἰσθάνοιτο·
834 2281 863 2339 6
905 2282 957 2338 δ’
1002 2282 1105 2339 οὐκ
1153 2287 1280 2354 ἔφη·
1327 2285 1418 2338 καὶ
1458 2283 1590 2354 μετὰ
1629 2288 1792 2340 τοῦτο

116 2368 282 2440 αὖθις
316 2379 323 2440 1
356 2371 451 2438 τὰς
495 2371 727 2443 κνήμας·
765 2371 857 2426 καὶ
905 2370 1148 2427 ἐπανιών
1196 2368 1373 2436 οὕτως
1418 2368 1552 2442 ἡμῖν
1592 2373 1879 2427 ἐπεδεί-118

114 2484 301 2532 κνυτο,
343 2459 427 2517 ὅτι
465 2459 698 2532 ψύχοιτό
737 2480 794 2515 τε
824 2460 916 2514 καὶ
948 2462 1210 2531 πηγνῦτο.
1278 2459 1368 2514 καὶ
1401 2457 1567 2524 αὐτὸς
1597 2457 1792 2530 ἥπτετο

117 2551 206 2605 καὶ
247 2548 414 2619 εἶπεν,
454 2546 556 2619 ὅτι,
597 2546 820 2604 ἐπειδὰν
859 2546 996 2619 πρὸς
1033 2551 1097 2620 τῇ
1130 2550 1332 2620 καρδίᾳ
1369 2548 1591 2617 γένηται
1625 2545 1792 2622 αὐτῷ,

117 2638 238 2695 τότε
280 2636 568 2708 οἰχήσεται.
645 2635 751 2707 ἤδη
794 2629 897 2692 οὗν
937 2635 1137 2707 σχεδόν
1175 2657 1227 2690 τι
1261 2634 1436 2690 αὐτοῦ
1469 2629 1540 2706 ἦν
1571 2633 1637 2689 τὰ
1671 2634 1793 2704 περὶ

118 2725 178 2782 τὸ
226 2719 395 2797 ἦτρον
441 2722 751 2795 ψυχόμενα,
797 2724 887 2778 καὶ
936 2723 1381 2794 ἐκκαλυψάμενος
1426 2755 1499 2763 -
1549 2721 1793 2778 ἐνεκεκά-

1730 2803 1787 2832 (ἵ

118 2821 289 2869 λυπτο
329 2811 435 2879 γάρ
480 2842 542 2850 —-
586 2807 760 2880 εἶπεν,
810 2807 839 2865 ὃ
880 2810 948 2881 δὴ
996 2817 1312 2865 τελευταῖον
1353 2810 1681 2880 ἐφθέγξατο·
1749 2831 1791 2864 ω
