2020 3198
139 1274 227 1314 406

260 172 370 225 210
918 174 1253 218 ΠΛΑΤΩΝΟΣ
1889 185 1949 225 3ss
2015 186 2020 221 j

260 296 528 360 καλεῖται,
576 292 661 346 ὅτι
706 299 876 346 ταῦτα
914 294 1116 362 πάντα,
1166 294 1239 357 ὥς
1278 307 1451 363 φασιν
1490 294 1550 348 οἷ
1581 295 1785 365 κομψοὶ
1823 297 1949 369 περὶ

260 380 533 449 μουσικὴν
586 378 678 433 καὶ
732 380 1127 452 ἀστρονομίαν,
1184 381 1422 453 ἁρμονίᾳ
1474 380 1584 435 τινὶ
1636 388 1797 438 πολεῖ
1837 385 1948 454 ἅμα

260 469 462 520 πάντα·
510 466 784 521 ἐπιστατεῖ
824 465 884 521 δὲ
924 463 1085 531 οὗτος
1124 468 1153 522 ὁ
1192 470 1326 532 θεὸς
1364 476 1429 539 τῇ
1470 469 1707 543 ἁρμονίᾳ
1746 471 1948 541 ὁμοπο-

261 559 376 608 λῶν
415 556 554 609 αὐτὰ
592 557 769 610 πάντα
807 555 899 609 καὶ
937 558 1072 610 κατὰ
1111 560 1282 620 θεοὺς
1319 555 1411 611 καὶ
1443 554 1560 611 κατ’
1590 558 1948 629 ἀνθρώπους·

262 644 444 714 ὥσπερ
489 639 592 697 οὖν
629 645 727 697 τὸν
767 643 1142 713 ὁμοκέλευθον
1180 643 1271 698 καὶ
1311 645 1592 714 ὁμόκοιτιν
1630 645 1948 701 ἀκόλουθον

260 730 352 784 καὶ
410 732 621 784 ἄκοιτιν
675 731 1032 801 ἐκαλέσαμεν,
1084 735 1481 801 μεταβαλόντες
1528 732 1650 786 ἀντὶ
1696 742 1796 788 τοῦ
1842 734 1947 804 ὁμο

247 820 436 888 ἄλφα,
479 819 622 873 οὕτω
662 819 754 873 καὶ
787 818 1102 874 Ἀπόλλωνα
1140 820 1496 890 ἐκαλέσαμεν,
1536 821 1597 884 ὃς
1633 817 1705 890 ἦν
1745 821 1947 891 ὁμοπο-
1987 893 1989 895 ³

259 911 390 975 λῶν,
429 906 618 977 ἕτερον
643 909 819 976 λάβδα
844 907 1187 976 ἐμβαλόντες,
1221 909 1304 961 ὅτι
1339 907 1344 978 Ι
1381 908 1676 978 ὁμώνυμον
1700 908 1947 977 ἐγίγνετο

259 1002 334 1067 τῷ
374 999 591 1067 χαλεπῷ
633 995 873 1064 ὀνόματι.
937 994 1069 1066 ὅπερ
1108 994 1200 1048 καὶ
1235 1003 1341 1049 νῦν
1371 996 1772 1060 ὑποπτεύοντές
1801 1016 1948 1060 τινες

261 1084 354 1135 ὃιὰ
384 1084 446 1136 τὸ
478 1083 550 1151 μὴ
584 1083 768 1152 ὀρθῶς
800 1087 1129 1136 σκοπεῖσθαι
1158 1084 1260 1151 τὴν
1293 1084 1530 1152 δύναμιν
1552 1091 1653 1137 τοῦ
1678 1083 1948 1152 ὀνόματος

261 1173 570 1240 φοβοῦνται
627 1171 759 1224 αὐτὸ
823 1171 895 1233 ὡς
956 1179 1228 1240 σημαῖνον
1284 1172 1510 1241 φθοράν
1559 1188 1705 1225 τινα·
1766 1173 1829 1226 τὸ
1884 1170 1948 1226 δέ

263 1260 478 1327 [πολύ],
539 1259 720 1329 ὥσπερ
775 1260 898 1330 ἄρτι
953 1257 1191 1326 ἐλέγετο,
1254 1268 1445 1311 πασῶν
1498 1258 1878 1329 ἐφαπτόμενον
1934 1258 1941 1332 Ι

258 1356 431 1400 κεῖται
469 1356 581 1400 τῶν
619 1354 719 1401 τοῦ
758 1351 898 1400 θεοῦ
932 1347 1240 1416 δυνάμεων,
1274 1346 1469 1415 ἁπλοῦ,
1510 1346 1594 1400 ἀεὶ
1624 1348 1945 1416 βάλλοντος,

259 1434 658 1502 ἀπολούοντος,
707 1434 1131 1503 ὁμοπολοῦντος.
1216 1435 1312 1496 τὰς
1359 1431 1420 1487 δὲ
1469 1435 1706 1498 Μούσας
1749 1453 1808 1488 τε
1851 1433 1945 1488 καὶ

259 1522 399 1585 ὅλως
443 1523 545 1590 τὴν
590 1522 863 1589 μουσικὴν
911 1521 1016 1574 ἀπὸ
1063 1528 1163 1574 τοῦ
1203 1527 1451 1589 μῶσθαι,
1492 1522 1566 1584 ὡς
1603 1523 1806 1590 ἔοικεν,
1851 1520 1946 1575 καὶ

255 1616 353 1677 τῆς
393 1610 660 1678 ζητήσεώς
697 1628 755 1662 τε
793 1607 884 1662 καὶ
925 1610 1260 1678 φιλοσοφίας
1297 1610 1359 1661 τὸ
1399 1609 1573 1677 ὄνομα
1611 1616 1774 1663 τοῦτο
1806 1608 1944 1663 ἐπω-

256 1700 513 1766 νόμασεν.
579 1698 744 1765 Λητὼ
786 1693 846 1749 δὲ
886 1696 990 1749 ἀπὸ
1029 1702 1125 1764 τῆς
1155 1697 1460 1767 πρᾳότητος
1490 1702 1586 1763 τῆς
1615 1701 1775 1764 θεοῦ,
1807 1698 1946 1750 κατὰ

256 1786 318 1838 τὸ
367 1785 677 1854 ἐθελήμονα
717 1780 859 1837 εἶναι
899 1779 976 1837 ὧν
1017 1784 1085 1836 ἄν
1123 1802 1205 1846 τις
1244 1781 1444 1852 δέηται.
1508 1787 1639 1845 ἴσως
1677 1780 1739 1836 δὲ
1777 1784 1851 1846 ὡς
1889 1783 1947 1837 οἱ

258 1870 406 1937 ξένοι
458 1876 747 1925 καλοῦσιν·
802 1869 998 1925 πολλοὶ
1044 1871 1150 1941 γὰρ
1204 1871 1382 1939 Ληθὼ
1428 1874 1717 1923 καλοῦσιν·
1764 1870 1944 1923 ἔοικεν

259 1955 363 2013 οὗν
400 1961 536 2030 πρὸς
574 1960 635 2012 τὸ
676 1960 748 2028 μὴ
789 1961 960 2029 τραχὺ
998 1964 1099 2011 τοῦ
1137 1958 1317 2026 ἤθους
1356 1955 1475 2010 ἁλλ’
1519 1957 1725 2027 ἥμερόν
1761 1974 1819 2010 τε
1849 1955 1942 2010 καὶ

258 2051 408 2100 λεῖον
452 2049 631 2116 Ληθὼ
686 2051 986 2115 κεκλῆσθαι
1037 2045 1146 2099 ὑπὸ
1189 2051 1197 2110 Ι
1245 2054 1356 2098 τῶν
1404 2051 1568 2098 τοῦτο
1607 2045 1942 2098 καλούντων.

242 2131 495 2206 ’Ἄρτεμις
547 2133 607 2189 δὲ
653 2137 714 2188 τὸ
763 2131 986 2205 ἀρτεμὲς
1035 2135 1291 2203 φαίνεται
1329 2132 1420 2187 καὶ
1458 2134 1519 2186 τὸ
1558 2135 1809 2202 κόσμιον,
1849 2134 1942 2187 διὰ

255 2224 357 2291 τὴν
402 2231 498 2291 τῆς
537 2224 842 2294 παρθενίας
882 2221 1205 2290 ἐπιθυμίαν·
1247 2226 1376 2283 ἴσως
1417 2218 1476 2274 δὲ
1517 2220 1710 2290 ἀρετῆς
1748 2221 1942 2292 ἴστορα
2018 2274 2020 2280 2

254 2312 356 2378 τὴν
394 2312 532 2364 θεὸν
573 2311 828 2365 ἐκάλεσεν
869 2309 897 2363 ὁ
937 2309 1185 2377 καλέσας,
1225 2310 1359 2378 τάχα
1400 2304 1450 2361 δ’
1495 2307 1564 2360 ἂν
1601 2306 1693 2361 καὶ
1731 2308 1805 2370 ὡς
1841 2309 1941 2362 τὸν
1992 2315 2020 2373 ,Ὗ

257 2399 458 2468 ἄροτον
504 2400 811 2468 μισησάσης
850 2399 946 2450 τὸν
986 2397 1188 2467 ἀνδρὸς
1227 2396 1286 2449 ἐν
1325 2397 1569 2462 γυναικί·
1607 2394 1641 2462 ἢ
1683 2395 1776 2447 διὰ
1813 2395 1939 2448 τού-
2016 2424 2017 2427 ¹

255 2506 367 2539 των
419 2505 472 2538 τι
524 2486 557 2554 ἢ
619 2488 710 2539 διὰ
755 2486 932 2538 πάντα
978 2491 1149 2536 ταῦτα
1195 2484 1255 2535 τὸ
1304 2483 1477 2551 ὄνομα
1517 2488 1681 2535 τοῦτο
1721 2481 1751 2535 ὁ
1789 2479 1939 2535 τιθέ-
1997 2484 1999 2486 ’

257 2593 421 2644 μενος
460 2575 618 2626 ἔθετο
658 2580 723 2642 τῇ
762 2578 890 2644 θεῷ.

406 2660 603 2714 ΧΧΙΙΙ.
652 2659 814 2712 ΕΡΜ.
864 2662 933 2711 Τί
972 2656 1030 2712 δε
1056 2659 1084 2712 ὁ
1125 2659 1402 2720 Διόνυσός
1441 2677 1497 2710 τε
1543 2656 1634 2711 καὶ
1672 2656 1706 2725 ἡ
1741 2654 1937 2727 Ἀφρο-

259 2750 412 2818 δίτη;
1998 2750 2001 2754 ⁴

408 2836 522 2889 Σῼ.
578 2837 834 2904 Μεγάλα,
883 2833 924 2889 ὦ
971 2844 1072 2888 παῖ’
1106 2832 1444 2902 Ἰππονίκου,
1494 2832 1710 2903 ἐρωτᾷς.
1796 2830 1934 2883 ἀλλὰ
