2020 3198
551 153 869 197 AHOAOPIA
898 152 1278 197 ΣΩΚΡΑΤΟΥΣ.
1683 149 1754 201 47

79 268 172 324 καὶ
226 267 390 339 ἄλλα,
453 266 541 340 ἐφ’
601 264 684 335 οἶς
743 275 874 334 ἴσως
938 267 1238 339 βοήσεσθε·
1300 267 1440 324 ἀλλὰ
1495 270 1760 339 μηδαμῶς

8 402 33 422 ν,
79 367 283 412 ποιεῖτε
341 359 520 412 τοῦτο.
609 349 672 412 εὖ
726 355 833 427 γὰρ
890 363 1031 426 ἴστε,
1095 355 1195 412 ἐὰν
1257 355 1350 427 ἐμὲ
1404 354 1760 426 ἀποκτείνητε

79 447 338 500 τοιοῦτον
378 443 530 514 ὄντα,
570 440 693 500 οἷον
734 443 838 514 ἐγώ
871 444 1031 514 λε’γω,
1072 442 1174 499 οὐκ
1207 443 1299 514 ἐμὲ
1331 449 1491 514 μείζω
1524 446 1762 514 βλάψετε

80 528 114 602 ἢ
154 530 299 602 ὑμᾶς
336 530 561 597 αὐτούς·
603 531 695 602 ἐμὲ
734 531 834 602 μὲν
871 530 979 604 γὰρ
1021 530 1190 587 οὐδὲν
1229 528 1301 586 ἂν
1333 530 1598 601 βλάψειεν
1634 529 1761 586 οὔτε

81 620 337 690 Μέλητος
375 617 780 684 οὔτε”Ανυτος·
821 617 954 674 οὐδὲ
992 618 1098 691 γὰρ
1138 615 1211 674 ὂὶν
1251 617 1503 674 δύναιτο·
1546 616 1614 673 ού
1652 617 1759 689 γὰρ

82 714 268 778 οἰόμαι
302 707 308 781 Ι
342 705 574 778 θεμιτὸν
628 704 772 762 εἶναι
827 704 1082 777 ἀμείνονι
1137 704 1302 778 ἀνδρὶ
1351 703 1458 761 ὑπὸ
1509 707 1818 778 χείρονοςΙ)

80 793 436 864 βλάπτεσθαι.
498 792 835 850 ἀποκτείνειε
867 792 1018 865 μέντ’
1055 790 1126 849 ἂν
1159 800 1291 859 ἴσως
1321 790 1356 864 ἢ
1391 793 1692 859 ἐξελάσειεν
1723 789 1758 863 ἢ

81 882 429 953 ἀτιμώσειεν·
484 880 624 937 ἀλλὰ
678 884 851 936 ταῦτα
907 875 1070 947 οὗτος
1123 881 1224 952 μὲν
1270 888 1402 947 ἴσως
1452 888 1624 937 οἰέται
1669 881 1762 935 καὶ

82 969 246 1036 άλλος
282 975 364 1036 τίς
400 989 510 1026 που
548 969 757 1040 μεγάλα
795 969 954 1039 κακά,
996 967 1100 1040 ε’γω
1141 968 1193 1025 δ’
1238 968 1341 1025 οὐκ
1377 976 1580 1040 οἰόμαι,
1620 966 1762 1024 ἀλλὰ

80 1057 223 1114 πολὺ
263 1061 474 1129 μᾶλλον
506 1069 686 1113 ποιεῖν
718 1054 753 1112 ὁὶ
788 1050 950 1122 οὗτος
981 1057 1110 1112 νυνὶ
1140 1068 1304 1127 ποιεῖ,
1344 1056 1526 1128 άνδρα
1558 1055 1762 1120 ἀδίκως

83 1149 374 1219 ἐπιχειρειν
429 1143 842 1201 ἀποκτιννύναι.
916 1148 1024 1200 νῦν
1080 1139 1203 1215 οὖν,
1258 1138 1301 1200 ὦ
1356 1143 1558 1215 άνδρες
1599 1141 1761 1214 Ἀθη-

83 1244 258 1304 ναῖοι,
303 1235 514 1288 πολλοῦ
566 1233 672 1288 δέω
714 1233 818 1303 ἐγω
867 1229 1005 1304 ὑπερ
1054 1234 1294 1302 ἐμαυτοῦ
1341 1228 1761 1302 ἀπολογεῖσθαι,

83 1319 156 1386 ὥς
193 1342 274 1385 τις
312 1316 384 1375 ἄν
423 1326 613 1390 οἴοιτο,
656 1318 794 1375 ἀλλὰ
835 1317 972 1391 ὑπὲρ
1012 1318 1188 1390 ὑμῶν,
1229 1318 1302 1390 μή
1340 1341 1394 1374 τι
1433 1319 1762 1392 ἐξαμάρτητε

6 1466 10 1479 3
82 1409 206 1480 περὶ
243 1407 345 1479 τὴν
383 1411 482 1463 τοῦ
523 1411 683 1463 θεοῦ
706 1407 866 1463 δόσιν
896 1406 1031 1478 ὑμῖν
1064 1410 1199 1478 ἐμοῦ
1230 1407 1761 1479 καταψηφισάμενοι.

0 1491 12 1545 ’Ϊ
84 1496 180 1552 ἐὰν
218 1495 325 1569 γὰρ
367 1496 458 1566 ἐμὲ
492 1495 498 1570 Ι
534 1494 906 1566 ἀποκτείνητε,
949 1494 1016 1551 οὐ
1056 1497 1262 1568 ῥᾳδίως
1302 1494 1474 1551 ἄλλον
1503 1497 1814 1551 τοιοῦτονΕ

83 1583 358 1656 εὑρήσετε,
398 1583 652 1656 ἀτεχνῶς,
693 1588 743 1640 εἰ
778 1585 870 1639 καὶ
901 1583 1250 1655 γελοιότερον
1283 1587 1474 1654 εἰπεῖν,
1513 1586 1760 1655 προσκεί-

83 1695 253 1744 μενον
297 1676 362 1746 τῇ
409 1673 564 1728 πόλει
611 1670 719 1728 ὑπὸ
757 1675 860 1727 τοῦ
898 1675 1066 1741 θεοῦ,
1117 1670 1298 1742 ὥσπερ
1346 1673 1491 1746 ἵππῳ
1541 1670 1760 1745 μεγάλῳ

83 1760 184 1832 μὲν
236 1761 329 1816 καὶ
380 1764 643 1835 γενναίῳ,
696 1757 805 1815 ὑπὸ
861 1760 1134 1829 μεγέθους
1189 1758 1250 1814 δὲ
1295 1759 1623 1833 νωθεστέρῳ
1669 1758 1761 1834 καὶ

85 1851 327 1923 δεομένῳ
375 1850 687 1920 ἐγείρεσθαι
731 1843 840 1902 ὑπὸ
890 1846 1115 1918 μύωπός
1160 1864 1331 1911 τινος·
1379 1841 1501 1901 οἷον
1549 1844 1618 1916 δή
1666 1867 1760 1914 μοι

85 1939 239 1992 δοκεῖ
282 1933 311 1992 ὃ
358 1935 493 2001 θεὸς
547 1935 639 2006 ἐμὲ
684 1938 749 2007 τῇ
796 1934 953 1989 πόλει
1006 1934 1457 2005 προστεθεικέναι
1501 1932 1760 1988 τοιοῦτόν

83 2045 233 2094 τινα,
274 2021 335 2089 ὃς
371 2021 515 2093 ὑμᾶς
555 2025 782 2094 ἐγείρων
820 2022 913 2076 καὶ
951 2026 1165 2077 πείθων
1204 2022 1295 2075 καὶ
1337 2019 1622 2087 ὀνειδίζων
1662 2022 1760 2075 ἕνα

85 2111 314 2166 ἕκαστον
350 2109 356 2182 Ι
392 2108 560 2166 οὐδὲν
599 2109 844 2180 παύομαι
888 2108 989 2179 τὴν
1035 2107 1246 2179 ἡμέραν
1293 2107 1430 2178 ὅλην
1476 2111 1758 2180 πανταχοῦ
1777 2128 1829 2167 31

83 2201 488 2269 προσκαθίζων.
564 2199 814 2261 τοιοῦτος
868 2190 972 2251 οὗν
1028 2194 1192 2260 ἄλλος
1246 2193 1315 2250 οὐ
1369 2197 1574 2269 ῥᾳδίως
1625 2193 1759 2267 ὑμῖν

83 2282 396 2354 γενήσεται,
453 2276 496 2339 ὦ
543 2281 768 2353 ἄνδρες,
816 2280 938 2337 ἀλλ’
984 2282 1082 2338 ἐὰν
1131 2283 1249 2354 ἐμοὶ
1296 2288 1595 2354 πείθησθε,
1643 2288 1760 2354 φεί-

86 2372 257 2427 σεσθέ
291 2388 419 2442 μου·
465 2367 621 2441 ὑμεῖς
659 2369 712 2425 δ’
756 2377 887 2436 ἴσως
923 2369 1044 2441 τάχ’
1088 2366 1160 2425 ἀν
1199 2368 1530 2441 ἀχθόμενοι,
1578 2370 1759 2443 ὥσπερ

85 2460 144 2513 οἰ
177 2456 536 2524 νυστάζοντες
575 2457 930 2530 ἐγειρόμενοι,
969 2456 1304 2528 κρούσαντες
1342 2457 1416 2513 ἄν
1446 2480 1530 2529 με,
1568 2457 1759 2513 πειθό-

85 2566 242 2616 μενοι
275 2543 508 2619 Ἀνύτῳ,
548 2546 754 2618 ῥαδίως
792 2542 864 2600 ἂν
905 2543 1306 2615 ἀποκτείναιτε,
1355 2543 1471 2600 εἶτα
1508 2545 1608 2601 τὸν
1647 2552 1760 2601 λοι-

84 2630 193 2688 πὸν
224 2636 350 2702 βίον
381 2630 753 2697 καθεύδοντες
786 2635 1083 2687 διατελοῖτε
1115 2630 1205 2702 ἄν,
1246 2636 1297 2687 εἰ
1325 2632 1399 2703 μή
1431 2654 1555 2688 τινα
1587 2632 1759 2688 ἄλλον

24 2716 36 2754 ,¹
86 2717 117 2775 ὁ
172 2717 305 2784 θεὸς
357 2716 491 2789 ὑμῖν
546 2721 894 2790 ἐπιπέμψειεν
948 2720 1253 2791 κηδόμενος
1305 2718 1480 2791 ὑμῶν.
1565 2719 1649 2775 ὅτι
1703 2719 1754 2775 δ’

24 2844 41 2886 z.
86 2805 192 2876 ἐγώ
239 2804 493 2877 τυγχάνω
551 2803 631 2861 ὧν
683 2810 958 2874 τοιοῦτος,
1015 2803 1129 2872 οἷος
1181 2805 1289 2862 ὑπὸ
1343 2811 1444 2863 τοῦ
1498 2811 1639 2863 θεοῦ
1693 2812 1757 2880 τῇ
