2020 3198
809 111 1052 155 ΦΑΙΔΩΝ.
1665 107 1769 160 143

86 231 215 284 ενῦν
256 230 317 286 δὲ
357 230 465 302 δή,’
505 233 611 302 ἔφη
645 226 675 285 ὅ
708 229 911 299 Κέβης,
950 229 1027 283 ’τί
1061 244 1151 283 σοι
1190 231 1346 283 δοκεῖ
1380 227 1506 299 περὶ
1539 223 1770 291 αὐτῶν;’

57 315 296 389 -”πόρρω
336 319 484 388 που,’
525 321 650 389 ἔφη,
690 315 780 387 (νὴ
813 320 927 371 Δία
960 314 1053 387 ἐμὲ
1084 313 1228 371 εἶναι
1257 317 1359 370 τοῦ
1392 321 1613 370 οἴεσθαι
1646 313 1772 385 περὶ

85 405 300 460 τούτων
337 425 438 461 του
475 403 579 476 τὴν
618 407 800 460 αἰτίαν
840 404 1064 472 εἰδέναι,
1106 401 1166 468 ὅς
1202 424 1265 473 γε
1298 401 1400 458 οὐκ
1431 401 1771 474 ἀποδέχομαι

87 493 329 563 ἐμαυτοῦ
374 489 508 548 οὐδὲ
554 489 652 562 ὥς,
700 489 925 547 ἐπειδὰν
971 491 1061 545 ἑνί
1100 511 1182 555 τις
1227 492 1450 562 προσθῇ
1500 491 1586 561 ἕν,
1633 487 1669 561 ἢ
1708 487 1769 544 τὸ

87 581 166 650 ἕν,
207 573 252 655 ᾦ
289 580 626 653 προσετέθη,
674 578 776 634 δύο
824 579 1082 650 γέγονεν,
1128 575 1163 649 ἢ
1210 576 1273 634 τὸ
1322 577 1632 649 προστεθὲν
1678 578 1771 632 καὶ

87 660 131 740 ᾧ
155 668 463 739 προσετέθη
498 669 506 738 Ι
541 667 635 722 διὰ
667 664 769 736 τὴν
802 665 1113 738 πρόσθεσιν
1144 668 1245 721 τοῦ
1279 666 1472 738 ἑτέρου
1493 667 1570 740 τῷ
1605 665 1770 739 ἑτέρῳ
1789 680 1844 720 97

88 754 191 810 δύο
225 756 462 826 ἐγένετο·
494 754 762 826 θαυμάζω
793 753 918 825 γάρ,
944 757 1010 823 εἰ,
1042 751 1132 809 ὅτε
1161 753 1264 825 μὲν
1297 752 1555 825 ἑκάτερον
1587 750 1774 809 αὐτῶν

87 843 252 915 χωρὶς
290 840 546 914 ἀλλήλων
585 838 676 914 ἦν,
716 844 777 898 ἓν
808 841 916 914 ἄρα
948 842 1207 915 ἑκάτερον
1237 835 1310 913 ἧν
1339 842 1432 896 καὶ
1465 840 1567 897 οὐκ
1597 839 1775 913 ἤστην

85 930 208 987 τότε
261 929 393 1001 δύο,
449 931 563 987 ἐπεὶ
620 928 672 986 δ’
732 931 1071 1002 ἐπλησίασαν
1124 928 1409 1001 ἀλλήλοις,
1471 928 1611 1001 αῦτη
1667 927 1773 1002 ἄρα

88 1022 236 1075 αἰτία
290 1017 480 1085 αὐτοῖς
535 1019 748 1089 ἐγένετο
805 1019 908 1075 δύο
962 1020 1253 1090 γενέσθαι,
1307 1016 1342 1089 ἡ
1395 1016 1629 1084 ξύνοδος
1672 1020 1773 1073 τοῦ

87 1111 322 1178 πλησίον
370 1104 628 1178 ἀλλήλων
672 1110 922 1177 τεθῆναι.
1000 1105 1136 1162 οὐδέ
1175 1128 1239 1176 γε
1285 1103 1384 1175 ὡς,
1440 1104 1540 1161 εὀἔν
1584 1127 1668 1170 τις
1713 1107 1773 1160 ἓν

91 1199 371 1268 διασχίσῃ,
421 1193 668 1266 δύναμαι
714 1198 794 1250 ἔτι
839 1199 1164 1265 πείθεσθαι,
1212 1191 1290 1258 ὡς
1335 1191 1474 1264 αῦτη
1514 1186 1587 1248 αὖ
1626 1196 1775 1248 αι’τία

87 1284 344 1354 γέγονεν,
397 1280 433 1353 ἡ
483 1286 684 1353 σχίσις,
739 1284 840 1338 τοῦ
887 1282 991 1337 δύο
1036 1283 1351 1353 γεγονέναι’
1399 1283 1622 1336 ἐναντία
1667 1278 1773 1353 γὰρ

88 1376 334 1442 γίγνεται
379 1366 415 1441 ἢ
452 1372 576 1426 τότε
622 1373 771 1425 αἰτία
814 1372 915 1426 τοῦ
962 1368 1066 1425 δύο
1112 1374 1428 1441 γίγνεσθαι·
1464 1374 1471 1436 Ι
1504 1369 1628 1425 τότε
1673 1368 1825 1440 μὲνΒ

88 1460 195 1532 γὰρ
243 1457 328 1514 ὅτι
375 1457 644 1530 συνήγετο
692 1463 928 1529 πλησίον
977 1457 1233 1529 ἀλλήλων
1279 1459 1371 1513 καὶ
1416 1461 1773 1530 προσετίθετο

90 1549 279 1617 ἕτερον
319 1546 503 1621 ἑτέρῳ,
542 1549 650 1602 νῦν
689 1543 741 1602 δ’
787 1545 873 1603 ὅτι
912 1545 1178 1616 ἀπάγεται
1215 1546 1308 1601 καὶ
1346 1551 1629 1619 χωρίζεται
1668 1547 1776 1601 ἔτε-

91 1658 194 1707 ρον
244 1632 340 1706 ἀφ’
394 1634 597 1705 ἑτέρου.
675 1631 811 1690 οὐδέ
856 1656 943 1705 γε,
1001 1631 1074 1689 δι’
1127 1632 1213 1690 ὅτι
1263 1636 1324 1689 ἓν
1375 1639 1648 1705 γίγνεται,
1702 1631 1777 1698 ὥς

90 1727 406 1795 ἐπίσταμαι,
454 1725 533 1778 ἔτι
578 1725 758 1778 πείθω
806 1721 1071 1793 ἐμαυτόν,
1123 1719 1245 1777 οὐδ’
1290 1720 1425 1777 ἄλλο
1475 1719 1645 1778 οὐδὲν
1691 1721 1776 1776 ἑνὶ

90 1811 256 1886 λόγῳ,
297 1809 369 1866 δι’
416 1809 502 1866 ὅτι
538 1814 785 1881 γίγνεται
823 1807 858 1880 ἢ
900 1807 1203 1865 ἀπόλλυται
1234 1805 1272 1880 ἢ
1314 1814 1445 1879 ἔστι,
1483 1809 1620 1864 κατὰ
1650 1812 1776 1865 τοῦ·

90 1921 190 1955 τον
227 1897 328 1954 τὸν
363 1896 572 1969 τρόπον
610 1899 707 1967 τῆς
738 1895 1006 1968 μεθόδου,
1046 1894 1185 1951 ἄλλά
1219 1896 1328 1952 τιν’
1365 1895 1538 1952 ἄλλον
1568 1897 1777 1969 τρόπον

93 1985 258 2051 αὐτὸς
299 1988 415 2058 εἰκῇ
455 1984 636 2057 φύρω,
674 1988 877 2041 τοῦτον
917 1985 979 2040 δὲ
1019 1981 1236 2055 οὐδαμῇ
1275 1991 1584 2056 προσίεμαι.

238 2074 426 2128 XLVI.
493 2071 636 2128 Ἀλλ’
674 2071 918 2138 ἀκούσας
949 2074 1052 2144 μέν
1083 2092 1214 2129 ποτε
1248 2075 1306 2128 ἐκ
1336 2077 1557 2143 βιβλίου
1587 2072 1776 2144 τινός,’

94 2160 167 2227 ὡς
206 2166 329 2232 ἔφη,
369 2158 765 2233 *Ἀναξαγόρου
802 2159 1339 2231 ἀναγιγνώσκοντος,
1377 2161 1470 2216 καὶ
1501 2162 1776 2232 λέγοντος,

94 2247 167 2315 ὡς
194 2250 200 2323 Ι
228 2248 336 2321 ἄρα
366 2252 502 2314 νοῦς
534 2251 682 2305 ε’στιν
717 2247 745 2304 ὁ
772 2251 1091 2320 διακοσμῶν
1121 2269 1179 2304 τε
1210 2250 1302 2304 καὶ
1326 2249 1551 2305 πάντων
1584 2257 1774 2320 αἴτιος,
1794 2259 1826 2303 C

91 2336 261 2411 ταύτῃ
317 2336 386 2408 δὴ
440 2340 505 2409 τῇ
554 2340 702 2410 αἰτίᾳ
749 2335 938 2408 ἥσθην
985 2359 1043 2393 τε
1087 2337 1180 2392 καὶ
1226 2338 1385 2404 ἔδοξέ
1428 2359 1523 2409 μοι
1568 2337 1778 2410 τρόπον

91 2424 218 2480 τινὰ
257 2418 319 2480 εὗ
359 2428 502 2496 ἔχειν
539 2424 601 2481 τὸ
641 2424 741 2481 τὸν
779 2428 921 2480 νοῦν
972 2423 1117 2482 εἶναι
1161 2423 1386 2481 πάντων
1435 2431 1640 2495 αἴτιον,
1686 2425 1779 2480 καὶ

92 2510 403 2583 ἡγησάμην,
428 2516 479 2568 εἰ
506 2511 668 2568 τοῦθ’
707 2511 881 2578 οὕτως
913 2517 1040 2585 ἔχει,
1071 2512 1166 2568 τόν
1196 2534 1259 2583 γε
1289 2514 1431 2568 νοῦν
1462 2514 1779 2583 κοσμοῦντα

93 2600 274 2656 πάντα
321 2610 551 2671 κοσμεῖν
597 2602 689 2656 καὶ
740 2602 971 2657 ἕκαστον
1024 2602 1244 2656 τιθέναι
1293 2600 1493 2674 ταύτῃ,
1550 2599 1655 2673 ὅπῃ
1706 2597 1778 2655 ἂν

93 2690 344 2759 βέλτιστα
384 2691 499 2760 ἔχῃ·
539 2691 590 2744 εἰ
636 2682 741 2744 οὖν
786 2711 868 2754 τις
915 2688 1176 2759 βούλοιτο
1225 2687 1329 2759 τὴν
1369 2692 1552 2743 αἰτίαν
1591 2686 1778 2759 εὑρεῖν

91 2777 218 2848 περὶ
258 2775 508 2846 ἑκάστου,
550 2774 656 2849 ὅπῃ
694 2780 940 2848 γίγνεται
971 2774 1005 2848 ἢ
1039 2775 1341 2832 ἀπόλλυται
1374 2773 1408 2848 ἢ
1442 2781 1573 2846 ἔστι,
1612 2780 1775 2832 τοῦτο
