2020 3198
237 161 345 213 124
908 164 1248 208 IIAATszNOZ

235 276 379 334 οὕτω
422 282 560 350 δεῖν,
600 280 703 347 ἕως
741 276 814 336 ἄν
854 282 933 352 ζῇ,
971 280 1066 335 καὶ
1105 279 1331 336 ἐπειδὰν
1369 281 1690 355 τελευτήσῃ,
1738 286 1817 349 εἰς
1853 280 1916 338 τὸ

235 366 490 438 ξυγγενὲς
534 368 627 422 καὶ
673 371 751 434 εἰς
793 367 856 424 τὸ
903 371 1162 424 τοιοῦτον
1209 366 1518 441 ἀφικομένη
1565 368 1919 443 ἀπηλλάχθαι

233 458 346 510 τῶν
385 452 766 529 ἀνθρὼπίνων
803 460 1005 513 κακῶν.
1084 459 1143 512 ἐκ
1183 457 1245 512 δὲ
1282 460 1379 528 τῆς
1415 457 1674 530 τοιαύτης
1708 463 1920 532 τροφῆς

235 541 406 600 οὐδὲν
446 544 655 615 δεινόν,
693 544 767 616 μὴ
808 548 1058 617 φοβηθῇ,
1096 544 1270 600 ταῦτά
1309 542 1363 616 γ’
1408 545 1835 618 ἐπιτηδεύσασα,
1875 541 1918 604 ὦ

236 636 451 703 Σιμμία
495 654 554 689 τε
597 632 690 688 καὶ
728 633 936 704 Κέβης,
985 631 1132 698 ὅπως
1178 631 1251 703 μὴ
1301 636 1708 690 διασπασθεῖσα
1754 637 1816 692 ἐν
1854 640 1919 710 τῇ

236 718 525 793 ἀπαλλαγῇ
579 722 681 776 τοῦ
734 719 987 791 σώματος
1038 718 1148 775 ὑπὸ
1204 723 1317 776 τῶν
1373 719 1596 792 ἀνέμων
1650 725 1920 796 διαφυση-

234 814 400 863 θεῖσα
452 806 546 862 καὶ
599 809 937 880 διαπτομένη
993 814 1207 880 οἴχηται
1259 809 1353 863 καὶ
1407 807 1576 865 οὐδὲν
1630 813 1710 867 ἔτι
1754 810 1921 869 οὐδα-

235 899 345 967 μοῦ
383 890 455 969 ᾖ.’

382 986 600 1041 XXXV.
676 983 822 1056 Σιγὴ
878 977 983 1040 οὖν
1039 985 1255 1055 ἐγένετο
1307 989 1481 1042 ταῦτα
1525 987 1777 1056 εἰπόντος
1819 995 1923 1047 τοῦ

185 1072 246 1146 C}
274 1072 615 1141 Σωκράτους
646 1073 734 1128 ε’πὶ
764 1070 943 1128 πολὺν
975 1071 1202 1145 χρόνον,
1240 1074 1334 1128 καὶ
1373 1072 1540 1140 αὐτός
1576 1097 1635 1131 τε
1671 1078 1811 1150 πρὸς
1845 1082 1921 1156 τῷ

237 1161 507 1236 εἰρημένῳ
554 1160 702 1237 λόγῳ
749 1154 823 1232 ἦν
870 1159 900 1216 6
949 1160 1278 1233 Σωκράτης,
1332 1160 1406 1228 ὥς
1457 1166 1600 1219 ἰδεῖν
1648 1167 1918 1239 ἐφαίνετο,

235 1250 329 1305 καὶ
373 1247 534 1321 ἡμῶν
589 1251 648 1306 οἰ
697 1255 958 1306 πλεῖστοι.
1035 1252 1219 1321 Κέβης
1266 1250 1328 1306 δε
1376 1251 1470 1306 καὶ
1515 1257 1760 1324 Σιμμίας
1805 1269 1921 1326 σμι-

235 1337 377 1411 κρὸν
415 1336 556 1409 πρὸς
586 1336 805 1410 ἀλλήλω
839 1340 1222 1409 διελεγέσθην·
1261 1336 1416 1394 καὶὸ
1449 1339 1754 1413 Σωκράτης
1784 1342 1924 1399 ἰδὼν

238 1424 386 1482 αὐτώ
441 1424 630 1498 ἤρετο·
685 1428 801 1494 ‘u'3'
853 1430 987 1498 ἔφη,
1043 1424 1196 1497 εὑμῖν
1249 1424 1315 1481 τὰ
1367 1427 1637 1498 λεχθέντα
1682 1432 1803 1500 μῶν
1849 1430 1922 1502 μὴ

238 1519 396 1571 δοκεῖ
430 1516 633 1580 ἐνδεῶς
671 1515 957 1586 λέγεσθαι;
1005 1513 1214 1580 πολλὰς
1257 1513 1364 1588 γὰρ
1414 1515 1482 1587 δὴ
1525 1520 1604 1572 ἔτι
1643 1521 1754 1589 ἔχει
1790 1516 1926 1575 ὑπο-

237 1607 368 1671 φίας
404 1603 497 1658 καὶ
536 1601 860 1673 ἀντιλαβάς,
902 1610 958 1659 εἴ
988 1625 1052 1674 γε
1091 1602 1161 1673 δή
1200 1624 1282 1668 τις
1321 1600 1460 1658 αὐτὰ
1500 1604 1683 1674 μέλλει
1722 1607 1928 1673 ἱκανῶς

239 1692 513 1758 διεξιέναι.
601 1694 653 1747 εἰ
704 1691 806 1763 μὲν
860 1683 965 1747 οὖν
1017 1712 1071 1746 τι
1124 1690 1260 1746 ἄλλο
1324 1699 1692 1763 σκοπεῖσθον,
1756 1692 1926 1751 οὐδὲν

237 1781 402 1851 λέγω·
443 1783 494 1835 εἰ
532 1781 597 1836 δέ
630 1801 683 1835 τι
713 1780 838 1851 περὶ
867 1778 1083 1835 τούτων
1115 1776 1438 1850 ἀπορεῖτον,
1479 1779 1654 1851 μηδὲν
1686 1779 1927 1854 ἀποκνή-

182 1869 369 1940 Ι)σηϊε
406 1869 499 1923 καὶ
539 1866 699 1924 αὐτοὶ
739 1870 914 1923 εἰπεῖν
951 1867 1045 1922 καὶ
1078 1869 1086 1933 Ι
1122 1870 1389 1937 διελθεῖν,
1423 1874 1477 1923 εἴ
1509 1887 1585 1941 πῃ
1624 1865 1760 1938 ὑμῖν
1800 1875 1928 1940 φαί-

239 1977 390 2012 νεται
430 1955 649 2026 βέλτιον
689 1953 761 2010 ἂν
800 1957 1094 2027 λεχθῆναι,
1140 1954 1232 2010 καὶ
1272 1947 1344 2010 αὖ
1383 1955 1474 2009 καὶ
1515 1954 1607 2026 ἐμὲ
1646 1972 1928 2031 συμπαρα-

239 2050 458 2117 λαβεῖν,
513 2051 568 2100 εἴ
606 2065 659 2100 τι
705 2047 920 2116 μᾶλλον
976 2050 1165 2099 οἴεσθε
1211 2041 1326 2114 μετ’
1379 2045 1513 2113 ἐμοῦ
1561 2041 1927 2116 εὐπορήσειν.’

238 2134 332 2189 καὶ
371 2131 400 2188 6
442 2136 687 2204 Σιμμίας
734 2136 862 2203 ἔφη·
909 2131 1020 2187 ’καὶ
1065 2129 1203 2202 μήν,
1251 2124 1295 2186 ὦ
1344 2130 1663 2204 Σώκρατες,
1709 2131 1927 2204 τάληθῆ

242 2237 331 2277 σοι
370 2223 491 2294 ἐρῶ.
563 2222 733 2276 πάλαι
772 2219 879 2292 γὰρ
918 2217 1078 2291 ἡμῶν
1119 2218 1373 2290 ἑκάτερος
1413 2217 1644 2293 ἀπορῶν
1681 2219 1783 2276 τὸν
1821 2222 1930 2277 ἕτε-

241 2330 344 2381 ρον
388 2316 644 2381 προωθεῖ
684 2308 777 2363 καὶ
829 2307 1041 2363 κελεύει
1095 2307 1318 2379 ἐρέσθαι
1375 2306 1468 2363 διὰ
1521 2306 1584 2363 τὸ
1635 2309 1930 2379 ἐπιθυμεῖν

241 2396 343 2468 μὲν
383 2395 639 2466 ἀκοῦσαι,
681 2394 868 2451 ὀκνεῖν
909 2394 972 2450 δὲ
1012 2393 1181 2466 ὄχλον
1221 2396 1497 2466 παρέχειν,
1538 2394 1612 2466 μή
1645 2411 1734 2450 σοι
1764 2393 1931 2466 ἀηδὲς

239 2478 276 2558 ᾖ
317 2483 410 2540 δια
450 2483 557 2554 τὴν
595 2486 888 2554 παροῦσαν
928 2481 1262 2554 συμφοράν)
1302 2478 1466 2536 καὶ“
1435 2504 1497 2547 ος
1536 2480 1779 2548 ἀκούσας
1819 2484 1931 2555 ε’γέ-

242 2573 410 2629 λασέν
447 2592 506 2627 τε
544 2570 721 2644 ἠρέμα
757 2575 856 2626 καί
890 2586 1086 2642 φησιν·
1134 2572 1347 2640 εβαβαί,
1388 2592 1431 2625 ω
1474 2575 1710 2642 Σιμμία·
1749 2565 1784 2642 ἦ
1824 2590 1933 2628 που

192 2662 495 2733 Εχαλεπῶς
547 2681 619 2714 αν
671 2657 804 2724 τοὺς
856 2656 1060 2723 ἄλλους
1094 2657 1101 2730 Ι
1135 2656 1476 2729 ἀνθρώπους
1528 2663 1802 2730 πείσαιμι,
1859 2656 1934 2725 ὥς

246 2747 315 2804 οὐ
362 2745 662 2819 συμφορὰν
708 2743 949 2817 ἡγοῦμαι
994 2744 1098 2817 τὴν
1145 2748 1436 2816 παροῦσαν
1483 2746 1681 2817 τύχην,
1737 2744 1827 2802 ὅτε
1871 2768 1934 2817 γε

245 2833 374 2907 μηδ’
411 2831 558 2907 ὑμᾶς
590 2832 834 2905 δύναμαι
865 2838 1101 2904 πείθειν,
1135 2831 1273 2888 ἀλλα
1308 2838 1596 2905 φοβεῖσθε,
1629 2832 1704 2906 μὴ
1737 2837 1934 2890 δυσκο-
