2020 3198
292 184 362 236 20
963 190 1299 233 ΠΛΑΤῼΝΟΣ

293 310 528 374 φεσθαι,
569 303 643 371 ὥς
675 307 880 373 ἱκανῶς
917 306 1025 378 ἤδη
1058 306 1207 379 παρὰ
1247 310 1351 363 σοῦ
1391 304 1778 379 μεμαθηκότας
1814 305 1882 361 τά
1918 327 1974 361 τε

293 391 493 464 εὐσεβῆ
532 394 625 449 καὶ
665 392 792 450 ὅσια
829 395 922 450 καὶ
960 393 1027 450 τὰ
1067 395 1158 467 μή.

440 496 582 542 ΕΤΘ.
644 492 820 556 Τοῦτο
867 495 1061 546 τοίνυν
1120 494 1305 562 ἔμοιγε
1345 494 1523 562 δοκεῖ,
1571 484 1617 548 ὦ
1665 492 1976 565 Σώκρατες,

293 574 355 631 τὸ
396 577 562 649 μέρος
598 581 699 633 τοῦ
740 581 961 634 δικαίου
1009 576 1154 635 εἶναι
1192 577 1411 650 εὐσεβές
1456 601 1514 635 τε
1557 579 1650 635 καὶ
1690 578 1875 651 ὅσιον,
1914 577 1975 635 τὸ

294 663 419 737 περὶ
457 663 560 736 τὴν
598 669 710 723 τῶν
756 670 909 723 θεῶν
955 671 1285 740 θεραπείαν·
1331 666 1393 723 τὸ
1437 665 1498 724 δὲ
1544 668 1670 740 περὶ
1714 666 1816 739 τὴν
1864 671 1977 724 τῶν

294 748 616 823 ἀνθρώπων
654 752 715 809 τὸ
757 753 955 810 λοιπὸν
995 753 1139 811 εἶναι
1178 759 1277 812 τοῦ
1319 759 1539 812 δικαίου
1577 757 1756 829 μέρος.

418 849 561 904 ·XV.
634 856 730 902 ΣΩ.
807 850 920 904 Καὶ
980 853 1161 916 καλῶς
1219 851 1286 921 γε’
1344 873 1463 924 μοι,
1526 844 1570 908 ὦ
1639 849 1976 926 Εὐθύφρον,

224 939 279 979 13
297 939 485 1008 φαίνει
523 936 725 1007 λέγειν·
773 935 913 993 ἀλλὰ
957 938 963 1012 Ι
1005 942 1240 1012 σμικροῦ
1286 960 1438 1005 τινος
1487 943 1565 995 ἔτι
1613 939 1806 1012 ἐνδεής
1844 943 1976 1012 εἰμι.

292 1023 396 1095 τὴν
448 1022 555 1098 γὰρ
605 1030 911 1097 θεραπείαν
959 1025 1113 1083 οὔπω
1162 1028 1383 1099 ξυνίημι
1431 1026 1631 1099 ἥντινα
1679 1027 1977 1100 ὀνομάζεις.

295 1110 364 1168 οὐ
401 1112 510 1185 γάρ
549 1133 659 1168 που
704 1114 879 1184 λέγεις
925 1136 1010 1185 γε,
1060 1110 1275 1188 οἷαίπερ
1321 1115 1414 1170 καὶ
1461 1118 1524 1171 αἱ
1567 1116 1692 1189 περὶ
1729 1115 1796 1172 τὰ
1835 1115 1977 1173 ἄλλα

292 1205 593 1274 θεραπεῖαί
618 1204 785 1272 εἰσιν,
816 1201 1080 1274 τοιαύτην
1110 1203 1202 1258 καὶ
1235 1204 1360 1277 περὶ
1390 1204 1573 1270 θεούς.
1606 1206 1837 1277 λέγομεν
1867 1204 1974 1279 γάρ

293 1308 402 1344 που
446 1322 509 1329 —-
552 1286 675 1345 οἷον
715 1291 922 1362 φαμέν,
969 1293 1169 1357 ἵππους
1217 1291 1284 1347 οὐ
1323 1297 1431 1359 πᾶς
1483 1295 1764 1350 ἐπίσταται
1807 1301 1975 1367 θερα-

293 1376 512 1447 πεύειν,
554 1376 692 1434 ἀλλὰ
733 1376 762 1434 ὁ
805 1378 1045 1444 ἱππικός·
1084 1372 1118 1450 ἦ
1157 1379 1289 1453 γάρ,

439 1480 580 1525 ΕΤΘ.
635 1473 804 1528 Πάνυ
841 1496 917 1543 γε.

437 1576 534 1619 ΣΩ.
566 1566 641 1624 ‘H
669 1567 776 1641 γάρ
815 1587 925 1624 που
963 1568 1154 1640 ἱππικὴ
1196 1572 1377 1626 ἵππων
1415 1578 1701 1644 θεραπεία.

439 1671 580 1716 ΕΤΘ.
634 1668 763 1720 Ναί.

439 1765 535 1809 ΣΩ.
593 1758 745 1814 Οὐὸέ
786 1780 849 1829 γε
893 1756 1065 1825 κύνας
1110 1762 1215 1825 πᾶς
1269 1762 1550 1817 ἐπίσταται
1603 1763 1960 1837 θεραπεύειν,

292 1844 433 1902 ἀλλὰ
473 1844 502 1903 ὁ
542 1845 913 1918 κυνηγετικός.

439 1949 579 1995 ET&
647 1941 822 1999 Οὕτω.

440 2047 537 2091 Σῼ.
583 2036 660 2095 Ἡ
687 2038 794 2111 γάρ
833 2056 942 2094 που
979 2037 1306 2110 κυνηγετικὴ
1347 2044 1535 2097 κυνῶν
1574 2047 1857 2116 θεραπεία.

240 2133 281 2179 Β
447 2125 613 2199 ΙΕΤΘ.
688 2131 819 2182 Ναί.

439 2230 535 2275 ΣΩ.
581 2219 658 2277 Ἡ
689 2221 750 2277 δὲ
788 2220 1086 2293 βοηλατικὴ
1127 2225 1294 2292 βοῶν.

438 2315 580 2360 ΕΤΘ.
640 2308 807 2364 Πάνυ
845 2331 921 2379 γε.

438 2411 534 2457 ΣΩ.
582 2400 657 2458 Ἡ
688 2403 751 2459 δὲ
798 2402 866 2475 δὴ
915 2401 1137 2476 ὁσιότης
1174 2426 1231 2461 τε
1276 2406 1367 2461 καὶ
1410 2405 1660 2476 εὐσέβεια
1706 2410 1878 2479 θεῶν,
1918 2401 1964 2466 ὦ

291 2490 637 2563 Εὐθύφρον;
680 2489 823 2547 οὕτω
864 2492 1062 2562 Mysas-3
2018 2496 2020 2498 ’

437 2594 577 2638 ΕΤΘ.
618 2585 847 2657 ’‘Eymys.

436 2687 532 2731 ΣΩ.
591 2678 814 2737 Οὐκοῦν
853 2688 1123 2755 θεραπεία
1168 2707 1231 2756 γε
1269 2689 1418 2741 πᾶσα
1463 2683 1667 2742 ταύτὸν
1707 2686 1967 2760 διαπράτ-

288 2789 461 2835 τεται;
503 2762 626 2824 οἷον
664 2768 906 2826 τοιόνδε·
947 2769 1030 2827 ἐπ’
1074 2771 1271 2848 ἀγαθῷ
1317 2777 1433 2828 τινί
1475 2775 1587 2828 ἐστι
1624 2773 1717 2828 καὶ
1756 2771 1979 2849 ὠφελία
2015 2767 2017 2769 ’

289 2859 390 2911 τοῦ
421 2857 906 2927 θεραπευομένου,
948 2856 1128 2930 ὥσπερ
1162 2858 1298 2931 ὁρᾷς
1329 2859 1425 2928 δή,
1467 2858 1552 2915 ὅτι
1585 2862 1643 2916 οἱ
1670 2863 1828 2916 ἵπποι
1857 2858 1993 2918 ’ὑπὸΔ
