2020 3198
196 197 267 250 56
866 201 1201 246 ΠΛΑΤΩΝΟΣ

196 318 436 387 μᾶλλον,
483 309 528 373 ὦ
576 314 777 390 ἄνδρες
817 314 1132 390 Ἀθηναῖοι,
1183 320 1375 392 πρέπει
1420 318 1620 391 οὕτως,
1667 317 1741 386 ὥς
1776 318 1874 376 τὸν

198 406 458 460 τοιοῦτον
497 403 680 479 ἄνδρα
713 409 774 462 ἐν
804 412 1113 483 πρυτανείῳ
1147 416 1440 479 σιτεῖσθαι,
1478 406 1622 464 πολύ
1650 428 1714 478 γε
1742 410 1874 479 μᾶλ-

195 497 298 548 λον
343 489 379 564 ἢ
426 498 481 549 εἴ
519 514 600 559 τις
643 491 802 565 ὑμῶν
848 497 993 570 ἵππῳ
1041 491 1075 567 ἦ
1124 496 1388 567 ξυνωρίδι
1431 493 1466 567 ἢ
1515 495 1691 566 ζεύγει
1733 499 1878 551 νενί-

195 601 361 651 κηκεν
395 578 768 653 Ὀλυμπίασιν.
847 580 876 638 ὁ
917 582 1019 654 μὲν
1051 581 1158 655 γὰρ
1193 581 1338 655 ὑμᾶς
1367 594 1518 640 ποιεῖ
1544 582 1880 654 εὐδαίμονας

138 672 383 730 Εδοκεῖν
423 667 586 740 εἶναι,
626 668 732 741 ἐγώ
777 669 840 727 δὲ
877 669 1043 726 εἶναι·
1081 671 1174 726 καὶ
1215 669 1244 727 ὁ
1280 674 1288 743 Ι
1322 671 1423 743 μὲν
1461 675 1672 744 τροφῆς
1710 669 1879 726 οὐδὲν

198 761 391 827 δεῖται,
431 756 537 828 ἐγώ
580 756 643 814 δὲ
681 759 890 829 δέομαι.
958 762 1010 814 εἰ
1040 752 1145 815 οὗν
1177 763 1266 815 δεῖ
1300 781 1366 830 με
1395 756 1532 815 κατὰ
1563 758 1626 815 τὸ
1659 762 1880 814 δίκαιον

120 872 176 912 37
195 849 291 917 τῆς
330 843 484 912 ἀξίας
527 848 823 917 τιμᾶσθαι,
869 847 1070 902 τούτου
1105 848 1111 919 Ι
1144 849 1409 918 τιμῶμαι,
1457 848 1518 903 ἐν
1566 851 1877 918 πρυτανείῳ

195 933 471 1006 σιτήσεως.

341 1023 568 1078 XXVII.
630 1020 794 1087 Ἴσως
833 1015 938 1078 οὖν
983 1019 1120 1094 ὑμῖν
1165 1024 1259 1080 καὶ
1295 1023 1454 1079 ταυτὶ
1493 1023 1670 1094 λέγων
1707 1043 1876 1094 παρα-

194 1114 439 1181 πλησίως
479 1108 626 1166 δοκῶ
666 1111 848 1181 λέγειν
895 1108 1079 1183 ὥσπερ
1118 1111 1243 1181 περὶ
1286 1114 1387 1167 τοῦ
1429 1118 1618 1167 οἴκτου
1653 1110 1747 1167 καὶ
1784 1113 1877 1182 τῆς

194 1198 625 1269 ἀντιβολήσεως,
672 1195 1211 1270 ἀπαυθαδιζόμενος·
1257 1198 1321 1255 τὸ
1371 1198 1433 1255 δὲ
1471 1197 1575 1256 οὐκ
1612 1203 1788 1268 ἔστιν,
1834 1192 1878 1255 ὦ

187 1289 497 1358 Ἀθηναῖοι,
536 1288 813 1356 τοιοῦτον,
853 1284 993 1342 ἀλλὰ
1031 1285 1254 1343 τοιόνδε
1292 1290 1519 1358 μᾶλλον.
1587 1289 1880 1358 πέπεισμαι

195 1375 300 1448 ἐγώ
335 1374 480 1432 ἑκών
513 1372 657 1431 εἶναι
689 1375 900 1446 μηδένα
932 1373 1147 1431 ἀδικεῖν
1179 1373 1525 1447 ἀνθρώπων,
1565 1374 1704 1431 ἀλλὰ
1735 1373 1880 1447 ὑμᾶς

193 1468 359 1521 τοῦτο
411 1460 480 1519 οὐ
526 1467 727 1519 πείθω·
784 1461 977 1533 ὀλίγον
1029 1462 1137 1536 γὰρ
1186 1463 1394 1536 χρόνον
1441 1462 1704 1535 ἀλλήλοις
1749 1466 1879 1519 διει-

193 1553 458 1624 λέγμεθα·
507 1554 646 1622 ἐπεί,
694 1549 769 1617 ὥς
808 1544 1041 1627 ἐγῷμαι,
1081 1555 1132 1607 εἰ
1167 1546 1239 1623 ἦν
1277 1550 1413 1623 ὑμῖν
1450 1551 1648 1623 νόμος,
1695 1550 1879 1624 ὥσπερ

140 1641 286 1697 Βκαὶ
317 1640 505 1705 ἄλλοις
537 1638 876 1712 ἀνθρώποις,
911 1639 1035 1712 περὶ
1065 1639 1321 1695 θανάτου
1352 1638 1426 1711 μὴ
1459 1645 1592 1711 μίαν
1626 1641 1635 1714 Ι
1668 1639 1879 1713 ἡμέραν

195 1728 374 1801 μόνον
419 1730 656 1800 κρίνειν,
711 1725 851 1782 ἀλλά
896 1726 1127 1797 πολλάς,
1180 1729 1468 1799 ἐπείσθητε
1514 1727 1608 1784 ἄν·
1661 1733 1771 1785 νῦν
1821 1727 1874 1785 δ’

196 1815 264 1872 οὐ
310 1814 512 1889 ῥᾴδιον
567 1817 629 1871 ἐν
683 1814 866 1890 χρόνῳ
925 1812 1092 1890 ὀλίγῳ
1147 1815 1386 1886 μεγάλας
1436 1815 1702 1886 διαβολὰς
1746 1814 1879 1873 ἀπο-

195 1903 446 1960 λύεσθαι.
521 1904 880 1974 πεπεισμένος
919 1901 988 1974 δὴ
1029 1902 1133 1975 ἐγώ
1175 1905 1386 1975 μηδένα
1421 1901 1637 1960 ἀδικεῖν
1667 1908 1879 1961 πολλοῦ

199 1994 305 2049 δέω
362 1992 599 2064 ἐμαυτόν
652 2013 716 2063 γε
769 1990 1057 2063 ἀδικήσειν
1118 1992 1211 2047 καὶ
1259 1990 1378 2047 κατ’
1437 1993 1677 2064 ἐμαυτοῦ
1731 1994 1878 2066 ἐρεῖν

197 2079 388 2151 αὐτός,
440 2078 513 2146 ὥς
559 2078 712 2146 ἄξιός
758 2083 873 2150 εἰμί
914 2101 1014 2135 του
1057 2083 1230 2136 κακοῦ
1269 2079 1361 2135 καὶ
1399 2080 1730 2151 τιμήσεσθαι
1767 2102 1878 2137 τοι-

199 2168 368 2225 ούτου
397 2167 550 2234 τινὸς
582 2170 813 2243 ἐμαυτῷ.
872 2172 931 2222 τί
959 2170 1166 2234 δείσας;
1206 2161 1242 2239 ἦ
1274 2167 1347 2239 μὴ
1379 2168 1545 2224 πάθω
1576 2171 1767 2239 τοῦτο,
1807 2162 1878 2224 οὗ

198 2254 455 2326 Μέλητός
477 2276 573 2326 μοι
597 2258 834 2326 τιμᾶται,
854 2252 887 2311 ὅ
911 2277 1052 2326 φημι
1078 2253 1180 2311 οὐκ
1203 2257 1411 2312 εἰδέναι
1435 2255 1552 2312 οὔτ’
1581 2260 1631 2312 εἰ
1653 2255 1877 2327 ἀγαθὸν

198 2341 316 2399 οὔτ’
346 2346 397 2398 εἰ
424 2342 597 2398 κακόν
631 2345 805 2410 ἐστιν;
847 2341 972 2398 ἀντὶ
994 2342 1199 2398 τούτου
1230 2342 1300 2413 δὴ
1326 2344 1530 2414 ἕλωμαι
1561 2336 1642 2399 ὦν
1673 2337 1738 2399 εὖ
1763 2341 1872 2400 οἶδ’

197 2429 287 2487 ὅτι
324 2433 510 2486 κακῶν
551 2427 748 2486 ὄντων.
813 2433 914 2485 τοῦ
945 2429 1337 2501 τιμησάμενος;
1375 2430 1611 2503 πότερον
1643 2434 1876 2503 δεσμοῦ;

144 2519 289 2575 Οκαὶ
342 2522 398 2573 τί
429 2524 437 2585 Ι
471 2538 537 2588 με
584 2521 673 2573 δεῖ
720 2520 817 2588 ζῆν
869 2519 929 2574 ἐν
983 2521 1363 2593 δεσμωτηρίῳ,
1419 2517 1758 2575 δουλεύοντα
1809 2522 1875 2591 τῇ

197 2604 286 2662 ἀεὶ
324 2605 702 2677 καθισταμένῃ
751 2604 917 2677 ἀρχῇ,
962 2615 1077 2671 τοῖς
1115 2606 1335 2672 ἕνδεκας
1382 2604 1521 2662 ἀλλά
1560 2606 1876 2679 χρημάτων,

195 2693 288 2750 καὶ
328 2694 609 2762 δεδέσθαι,
649 2694 750 2758 ἕως
789 2688 860 2748 ἂν
899 2694 1118 2760 ε’κτίσω;
1159 2691 1297 2749 ἀλλά
1337 2692 1540 2750 ταύτόν
1578 2700 1678 2766 μοί
1707 2698 1874 2765 ἐστιν,

198 2780 334 2854 ὅπερ
372 2783 481 2836 νῦν
521 2779 589 2851 δὴ
631 2784 842 2851 ἔλεγον·
895 2777 963 2836 οὐ
1000 2779 1107 2852 γὰρ
1147 2784 1260 2836 ἔστι
1302 2803 1396 2852 μοι
1433 2781 1705 2854 χρήματα,
1745 2781 1875 2838 ὁπό-

199 2877 305 2925 θεν
347 2870 555 2924 ἐκτίσω.
617 2865 757 2922 ἀλλὰ
798 2866 867 2938 δὴ
909 2871 1089 2939 φυγῆς
1127 2867 1460 2940 τιμήσωμαι;
1502 2876 1632 2935 ἴσως
1664 2868 1771 2942 γὰρ
1803 2867 1875 2924 ἄν

1923 0 2020 183 ¹2
