2020 3198
862 187 1103 233 ΦΑΙΔΩΝ.
1718 184 1821 237 107

141 307 387 375 Σιμμίας
422 301 742 375 ὑπολαβών,
787 306 960 360 (ποῖαι
989 303 1204 360 τούτων
1237 306 1299 359 αἱ
1326 304 1654 371 ἀποδείξεις;
1696 301 1826 359 ὑπό-

140 391 360 463 μνησόν
399 411 486 464 με·
527 390 594 448 οὐ
633 391 740 465 γὰρ
781 391 1003 465 σφόδρα
1042 394 1102 448 ἐν
1140 396 1215 469 τῷ
1247 392 1482 466 παρόντι
1514 391 1824 463 μέμνημαιῖ

142 480 248 535 ξἑνὶ
286 478 386 551 μὲν
425 479 610 555 λόγῳ,’
652 483 756 551 ἔφη
797 477 827 535 ὁ
868 481 1071 550 Κέβης,
1119 481 1435 555 (καλλίστῳ,
1483 478 1569 536 ὅτι
1615 478 1825 551 ἐρωτώ-

142 588 301 638 μενοι
341 569 400 623 οἰ
433 566 746 639 ἅνθρωποι,
780 565 878 623 ἐάν
909 588 990 632 τις
1021 570 1199 633 καλῶς
1232 570 1426 640 ἐρωτᾷ,
1453 566 1611 623 αὐτοὶ
1635 568 1825 637 λέγου-

141 671 234 710 σιν
283 654 463 711 πάντα
519 648 556 726 ᾗ
615 658 744 726 ἔχει·
805 658 986 710 καίτοι
1047 658 1098 710 εἰ
1145 654 1218 727 μὴ
1282 654 1579 727 ἐτύγχανεν
1637 654 1826 720 αὐτοῖς

145 741 411 815 ἐπιστήμη
466 744 671 798 ἐνοῦσα
720 742 811 796 καὶ
863 740 1038 814 ὀρθὸς
1095 742 1286 814 λόγος,
1339 740 1442 798 οὐκ
1490 739 1562 798 ἂν
1613 737 1729 798 οἷοί
1771 740 1820 796 τ’

146 824 290 902 ἦσαν
328 833 493 886 τοῦτο
531 829 800 901 ποιήσειν.
879 833 1062 885 ἔπειτα
1094 829 1193 885 ἐάν
1224 851 1306 896 τις
1337 831 1422 886 ἐπὶ
1453 829 1519 885 τὰ
1560 829 1826 902 διαγράμ-

142 938 285 988 ματα
319 924 326 985 Ι
361 916 467 990 ἄγῃ
506 912 540 987 ἢ
581 914 717 972 ἄλλο
763 937 816 972 τι
860 920 973 973 τῶν
1019 916 1316 988 τοιούτων,
1363 920 1610 973 ἐνταῦθα
1657 914 1877 988 σαφέ-Β

143 1021 311 1062 στατα
354 1015 674 1077 κατηγορεῖ,
731 1002 815 1059 ὅτι
867 1008 1031 1060 τοῦτο
1087 1003 1262 1070 οὕτως
1308 1006 1450 1076 ἔχει.’
1529 1007 1598 1060 εεἰ
1644 1005 1705 1061 δὲ
1751 1004 1824 1077 μὴ
1880 1067 1882 1071 f

142 1093 310 1166 ταύτῃ
362 1093 470 1164 ys?
525 1096 657 1163 ἔφη,
714 1094 939 1162 (πείθει,
1004 1085 1048 1147 ὦ
1102 1094 1362 1163 Σιμμία,’
1418 1090 1448 1148 ὁ
1504 1093 1825 1166 Σωκράτης,

144 1181 386 1251 ’σκέψαι,
425 1176 499 1235 ἂν
535 1180 671 1252 τῇδέ
704 1179 778 1252 πῄ
826 1195 916 1235 σοι
962 1181 1320 1255 σκοπουμένῳ
1369 1181 1627 1254 συνδόξῃ.
1704 1179 1826 1236 ἀπι-

142 1278 287 1333 στεῖς
324 1266 431 1340 γὰρ
481 1266 577 1338 δή,
625 1270 739 1332 πῶς
783 1265 818 1338 ἡ
866 1269 1180 1340 καλουμένη
1228 1268 1472 1340 μάθησις
1518 1267 1827 1340 ἀνάμνησίς

145 1357 339 1423 ἐστιν;’
381 1353 610 1411 ’ἀπιστῶ
651 1356 751 1426 μέν
799 1370 888 1411 σοι
935 1357 1143 1426 ἔγωγε,’
1189 1349 1225 1427 ἦ
1273 1355 1326 1411 δ’
1379 1353 1440 1421 ὃς
1486 1354 1515 1412 ὃ
1565 1362 1824 1428 Σιμμίας,

146 1443 259 1514 εοὔ,
300 1442 435 1500 αὐτὸ
479 1442 540 1499 δὲ
577 1445 781 1514 τοῦτο,’
828 1447 960 1515 ἔφη,
1010 1444 1224 1514 (δέομαι
1269 1451 1475 1515 μαθεῖν
1522 1446 1646 1517 περὶ
1685 1438 1755 1501 οὖ
1795 1444 1824 1501 ὅ

143 1533 334 1604 λόγος,
380 1531 829 1602 ἀναμνησθῆναι.
912 1532 1003 1587 καὶ
1058 1531 1260 1603 σχεδόν
1305 1554 1368 1603 γε
1415 1533 1469 1599 ἐξ
1518 1525 1597 1588 ὦν
1643 1533 1827 1604 Κέβης

145 1624 456 1692 ἐπεχείρησε
494 1620 673 1691 λέγειν
712 1619 820 1691 ἤδη
869 1620 1144 1691 μέμνημαι
1191 1621 1283 1675 καὶ
1327 1624 1616 1691 πείθομαι·
1658 1619 1828 1676 οὐδὲν

145 1706 295 1780 μέντ’
339 1705 411 1763 ἀν
448 1701 614 1779 ἦττον
653 1704 912 1778 ἀκούοιμι
951 1710 1083 1778 νῦν,
1130 1711 1204 1780 πῇ
1245 1706 1315 1763 σὺ
1356 1709 1706 1780 ἐπεχείρησας
1742 1709 1827 1765 λε’-

143 1798 299 1867 γειν.’
335 1800 343 1868 Ι
379 1794 516 1868 ετῇδ’
549 1797 758 1866 ἔγωγε,’
782 1789 818 1865 ἦ
844 1794 895 1850 δ’
926 1793 1001 1860 ὅς.
1063 1793 1469 1866 “ὁμολογοῦμεν
1492 1795 1599 1868 γὰρ
1626 1797 1824 1867 δήπου,
1843 1805 1876 1850 C

145 1891 201 1939 εἴ
231 1887 314 1949 τίς
349 1904 402 1938 τι
441 1881 950 1954 ἀναμνησθήσεται,
992 1886 1110 1938 δεῖν
1150 1880 1324 1938 αὐτὸν
1356 1886 1520 1939 τοῦτο
1552 1883 1826 1956 πρότερόν

145 1989 275 2026 ποτε
313 1971 675 2024 ἐπίστασθαιῖ
747 1968 914 2024 “πάνυ
950 1967 1053 2040 γ’,’
1094 1972 1214 2040 ἔφη.
1285 1962 1394 2040 “ἀρ’
1431 1963 1536 2026 οὖν
1566 1971 1658 2026 καὶ
1696 1972 1826 2028 τόδε

148 2056 554 2128 ὁμολογοῦμεν,
624 2054 758 2112 ὅταν
827 2055 1091 2127 ἐπιστήμη
1168 2062 1572 2129 παραγίγνηται
1637 2059 1823 2135 τρόπῳ

145 2143 397 2219 τοιούτῳ,
431 2141 749 2215 ἀνάμνησιν
781 2142 950 2212 εἷναι;
983 2146 1124 2215 λέγω
1157 2145 1223 2200 δέ
1248 2166 1374 2201 τινα
1405 2145 1615 2218 τρόπον
1638 2147 1823 2204 τόνδε·

148 2231 247 2288 ἐάν
292 2237 373 2296 τίς
420 2251 474 2286 τι
523 2233 711 2304 ἕτερον
757 2227 792 2302 ἢ
841 2229 981 2287 ἰδών
1025 2228 1060 2302 ἢ
1109 2229 1353 2298 ἀκούσας
1397 2232 1433 2304 ἥ
1478 2254 1603 2289 τινα
1649 2234 1825 2307 ἀλλην

147 2326 414 2390 αἴσθησιν
452 2317 640 2389 λαβὼν
680 2317 752 2390 μὴ
793 2318 972 2390 μόνον
1013 2321 1188 2375 ἐκεῖνο
1228 2323 1364 2395 γνῷ,
1404 2319 1545 2376 ἀλλὰ
1586 2323 1678 2378 καὶ
1717 2325 1825 2380 ἔτε-

147 2430 249 2480 ρον
290 2406 547 2479 ἐννοήσῃ,
581 2399 650 2462 οὗ
689 2406 761 2478 μὴ
795 2404 829 2477 ἡ
865 2404 1002 2479 αὐτὴ
1035 2407 1319 2479 ἐπιστήμη,
1353 2407 1475 2464 ἀλλ’
1512 2409 1676 2482 ἄλλη,
1715 2404 1825 2483 ἀρα

148 2493 274 2566 οὐχὶ
315 2497 474 2550 τοῦτο
517 2498 741 2559 δικαίως
781 2495 1039 2565 ἐλέγομεν
1088 2493 1173 2550 ὅτι
1219 2493 1573 2568 ἀνεμνήσθη,
1615 2491 1684 2553 οὗ
1720 2498 1823 2569 τὴν

148 2586 374 2638 ἔννοιαν
408 2588 415 2648 Ι
450 2582 689 2651 ἔλαβεν;’
731 2584 864 2647 ςπῶς
894 2583 1114 2653 Mysos?
1155 2577 1297 2639 “οἶον
1327 2583 1395 2638 τὰ
1432 2584 1642 2640 τοιάδε·
1682 2583 1819 2656 ἄλλη
1859 2592 1900 2636 D

147 2688 257 2724 που
295 2667 561 2739 ἐπιστήμη
609 2667 916 2742 ἀνθρώπου
961 2670 1054 2724 καὶ
1098 2669 1304 2741 λύρας.’
1383 2672 1516 2736 ‘rufis
1559 2670 1667 2743 γὰρ
1709 2671 1823 2739 οὔ;’

149 2754 382 2812 εοὐκοῦν
422 2753 616 2825 οἶσθα,
659 2754 743 2810 ὅτι
783 2758 840 2811 οἱ
877 2758 1122 2829 ἐρασταί,
1165 2754 1299 2812 ὅταν
1340 2761 1536 2813 ἴδωσιν
1574 2758 1751 2829 λύραν
1789 2756 1823 2829 ἢ

148 2842 370 2914 ἱμάτιον
409 2839 444 2914 ἢ
485 2841 620 2898 ἄλλο
658 2864 712 2898 τι
759 2837 842 2907 οἷς
878 2841 944 2897 τὰ
984 2843 1211 2898 παιδικὰ
1260 2843 1443 2900 αὐτῶν
1490 2851 1656 2900 εἴωθε
1693 2850 1823 2917 χρῆ-
