2020 3198
806 174 1043 218 ΚΡΙΤΩΝ.
1697 173 1765 226 Ἷ3

82 289 150 357 ἃς
188 291 250 348 δὲ
288 290 359 349 σύ
396 294 571 364 λέγεις
607 291 704 357 τὰς
751 292 968 359 σκέψεις
1013 295 1143 363 περί
1175 311 1233 347 τε
1270 289 1601 356 ἀναλώσεως
1637 312 1766 363 χρη-

0 382 39 441 3
83 379 272 451 μάτων
309 381 403 436 καὶ
451 381 614 451 δόξης
647 379 743 435 ’καὶ
781 383 998 435 παίδων
1036 382 1272 451 τροφῆς,
1317 378 1391 450 μὴ
1431 379 1504 444 ῶς
1541 377 1767 449 ἀληθῶς

81 472 279 538 ταῦτα,
327 462 371 525 ῶ
411 473 662 542 Κρίτων,
710 469 987 540 σκέμματα
1032 461 1068 541 ᾗ
1116 471 1229 522 τῶν
1268 469 1473 540 ῥαδίως
1512 466 1768 523 ἀποκτιν-

82 555 304 631 νύντων
349 557 442 612 καὶ
489 554 993 627 ἀναβιωσκομένων
1038 553 1091 626 γ’
1135 553 1233 626 ἄν,
1273 558 1323 611 εἰ
1361 551 1478 611 οἶοί
1509 554 1558 609 τ’
1602 548 1765 626 ἦσαν,

85 643 275 700 οὐδενὶ
317 643 415 711 ξὺν
453 647 554 720 νῶ,
592 643 806 700 τούτων
835 647 949 700 τῶν
979 646 1217 699 πολλῶν.
1294 640 1431 714 ἡμῖν
1464 641 1539 712 δ’,
1580 641 1766 713 ἐπειδὴ

85 729 329 803 ὁλόγος
376 730 552 797 οὕτως
599 734 767 805 αἱρεῖ,
821 730 894 803 μὴ
944 730 1112 787 οῦδεν
1159 730 1294 787 άλλο
1343 731 1603 786 σκεπτέον
1648 723 1685 804 ᾖ
1731 727 1765 801 ἢ

85 818 220 893 ὅπερ
259 823 368 876 νῦν
408 819 477 891 δὴ
518 821 800 892 ἐλέγομεν,
849 819 1088 892 πότερον
1134 823 1320 876 δίκαια
1359 819 1638 890 πράξομεν
1675 819 1769 874 καὶ

83 907 332 982 χρήματα
369 911 655 974 τελοῦντες
684 907 903 973 τούτοις
936 918 1052 974 τοῖς
1083 908 1176 979 ἐμὲ
1208 913 1217 979 Ι
1252 909 1486 964 ἐνθένδε
1517 907 1827 974 ἐξάξουσιΙ)

82 996 175 1051 καὶ
213 996 463 1068 χάριτας,
509 997 602 1052 καὶ
649 995 809 1052 αὐτοὶ
856 996 1141 1067 ἐξάγοντές
1185 1017 1244 1052 τε
1287 998 1380 1052 καὶ
1428 995 1767 1067 ἐξαγόμενοι,

83 1081 117 1156 ἢ
156 1088 221 1158 τῇ
262 1083 500 1158 ἀληθείᾳ
531 1083 871 1156 ἀδικήσομεν
901 1085 1081 1140 πάντα
1110 1087 1282 1140 ταῦτα
1313 1089 1622 1148 ποιοῦντες·
1661 1081 1768 1138 κᾶν

0 1184 6 1228 ί
85 1172 420 1244 φαινώμεθα
444 1171 610 1228 ἄδικα
635 1171 772 1228 αὐτὰ
799 1172 1171 1243 ἐργαζόμενοι,
1196 1171 1269 1243 μὴ
1296 1171 1363 1228 οὐ
1390 1174 1486 1245 δέῃ
1510 1170 1768 1242 ὑπολογί-

87 1266 277 1328 ζεσθαι
310 1258 427 1316 οὔτ’
456 1264 506 1316 εί
536 1259 918 1333 ἀποθνῄσκειν
951 1264 1040 1315 δεῖ
1066 1261 1483 1331 παραμένοντας
1513 1261 1606 1316 καὶ
1635 1257 1769 1331 ἡσυ-

84 1354 211 1421 χίαν
236 1347 490 1420 ἄγοντας,
509 1347 636 1404 οὔτε
660 1347 795 1405 ἄλλο
822 1346 1013 1405 ὁτιοῦν
1037 1348 1268 1420 πάσχειν
1291 1349 1398 1421 πρὸ
1420 1352 1522 1404 τοῦ
1539 1347 1768 1404 ἀδικεῖν.

231 1447 322 1491 ΚΡ.
382 1438 585 1501 Καλῶς
622 1436 723 1508 μέν
762 1457 856 1507 μοι
895 1439 1076 1501 δοκεῖς
1120 1437 1326 1507 λέγειν,
1376 1428 1421 1492 ῶ
1460 1435 1768 1509 Σώκρατες,

0 1517 9 1538 ⁵
86 1524 190 1598 ὅρα
231 1526 309 1595 δέ,
348 1529 407 1580 τί
440 1527 674 1596 δρῶμεν.

232 1621 328 1662 ΣΩ.
391 1615 717 1683 Σκοπῶμεν,
758 1605 803 1667 ῶ
842 1610 1038 1682 ἀγαθέ,
1077 1614 1259 1685 κοινῇ,
1298 1612 1392 1667 καὶ
1429 1618 1485 1668 εἴ
1515 1631 1590 1685 πῃ
1631 1615 1770 1683 ἔχεις

0 1747 19 1775 :.,
85 1700 392 1771 ἀντιλέγειν
432 1702 566 1771 ἐμοῦ
603 1701 878 1770 λέγοντος,
919 1698 1187 1770 ἀντίλεγε,
1225 1702 1324 1754 καί
1358 1714 1448 1755 σοι
1486 1705 1767 1771 πείσομαι·

86 1793 136 1845 εἰ
166 1790 228 1845 δὲ
260 1795 267 1858 Ι
303 1788 396 1860 μή,
427 1790 636 1843 παῦσαι
667 1786 794 1858 ἤδη,
820 1780 864 1842 ῶ
897 1786 1148 1860 μακάριε,
1172 1788 1434 1852 πολλάκις
1465 1809 1560 1858 μοι
1589 1789 1821 1858 λέγωνΕ

84 1876 183 1933 τὸν
223 1875 395 1933 αὐτὸν
434 1875 623 1946 λόγον,
664 1873 738 1940 ὥς
768 1874 870 1947 χρὴ
905 1876 1138 1931 ἐνθένδε
1169 1873 1423 1931 ἀκόντων
1450 1874 1767 1946 Ἀθηναίων

0 1962 21 2028 Ξ
87 1965 179 2036 ἐμὲ
218 1963 461 2020 ἀπιέναι’
502 1961 576 2028 ὡς
616 1961 719 2033 ἐγώ
759 1963 884 2034 περὶ
923 1966 1134 2018 πολλοῦ
1173 1966 1439 2033 ποιοῦμαι
1476 1967 1668 2028 πείσας
1707 1979 1768 2019 σε

71 2043 257 2109 «ταῦτα
302 2051 585 2124 πράττειν,
640 2049 778 2105 ἀλλὰ
827 2048 900 2121 μὴ
947 2048 1194 2115 ἄκοντος.
1272 2048 1377 2123 ὅρα
1431 2049 1494 2106 δὲ
1548 2049 1617 2122 δὴ
1671 2054 1768 2122 τῆς

87 2142 328 2208 σκέψεως
358 2137 459 2211 τὴν
493 2137 689 2211 ἀρχήν,
722 2136 819 2193 ἐάν
851 2151 940 2193 σοι
972 2139 1175 2202 ἱκανῶς
1205 2138 1443 2209 λέγηται,
1473 2138 1566 2193 καὶ
1597 2142 1765 2212 πειρῶ

0 2246 18 2295 73³
87 2228 490 2302 ἀποκρίνεσθαι
527 2225 589 2282 τὸ
625 2233 632 2294 Ι
669 2225 1043 2298 ἐρωτώμενον,
1081 2219 1119 2298 ᾖ
1158 2222 1229 2280 ἀν
1268 2225 1504 2296 μάλιστα
1543 2233 1648 2300 οἴῃ.
1783 2245 1838 2284 49

232 2327 321 2371 ΚΡ.
377 2315 538 2372 Ἀλλά
579 2314 923 2387 πειράσομαι.

231 2408 297 2462 Χ.
358 2414 452 2458 ΣΩ.
518 2402 725 2458 Οὐδενὶ
762 2402 947 2477 τρόπῳ
988 2401 1172 2473 φαμὲν
1211 2401 1436 2468 ἑκόντας
1474 2400 1767 2473 ἀδικητέον

87 2491 256 2564 εἶναι,
312 2491 347 2565 ἢ
400 2493 510 2548 τινὶ
557 2491 657 2563 μὲν
703 2489 998 2561 ἀδικητέον
1043 2489 1255 2565 τρόπῳ,
1308 2489 1420 2545 τινὶ
1475 2490 1537 2545 δὲ
1587 2489 1681 2559 οῦ;
1730 2487 1764 2562 ἢ

11 2584 29 2654 ζ,
88 2579 345 2652 οὐδαμῶς
381 2579 443 2635 τό
482 2600 544 2650 γε
584 2578 798 2634 ἀδικεῖν
840 2577 968 2633 οὔτε
1013 2575 1234 2647 ἀγαθὸν
1283 2576 1410 2633 οὔτε
1446 2577 1646 2649 καλόν,
1693 2577 1767 2643 ῶς

6 2727 37 2779 :2-

9 2927 30 2946 υ.

7 2940 63 3198 ᾖ

57 3167 64 3176 J

86 2667 348 2732 πολλάκις
393 2664 528 2737 ἡμῖν
580 2666 672 2721 καὶ
727 2667 786 2721 ἐν
831 2668 907 2740 τῷ
964 2668 1280 2736 ἔμπροσθεν
1326 2664 1510 2740 χρόνῳ
1559 2663 1766 2737 ὡμολο-

11 2797 34 2826 ,3
87 2754 263 2827 γήθη;
307 2751 463 2825 [ὅπερ
502 2752 595 2807 καὶ
634 2750 757 2823 ἄρτι
797 2753 1053 2822 ἐλέγετο“]
1103 2750 1139 2823 ἢ
1179 2754 1350 2807 πᾶσαι
1388 2750 1522 2822 ἡμῖν
1563 2755 1766 2808 ἐκεῖναι

87 2845 149 2898 αἱ
184 2840 435 2908 πρόσθεν
475 2837 767 2911 ὁμολογίαι
807 2842 866 2894 ἐν
909 2842 1099 2894 ταῖσδε
1136 2849 1254 2904 ταῖς
1294 2838 1504 2909 ὀλίγαις
1540 2837 1765 2912 ἡμέραις
