2020 3198
576 135 896 179 AnvomA
925 105 1304 183 ΣΩΚΡΑΤΟΥΣ.
1712 139 1781 191 51

103 247 302 319 μηδενὶ
353 250 529 321 μηδὲν
582 251 798 308 πώποτε
851 252 1084 324 μάθημα
1137 253 1271 324 μήτε
1318 256 1565 321 ἐδίδαξα·
1620 258 1672 310 εἰ
1723 256 1789 311 δέ

30 399 43 403 ,
103 339 186 400 τίς
224 352 364 407 φησι
399 337 530 411 παρ’
575 341 710 410 ἐμοῦ
749 338 970 395 πώποτέ
1002 361 1054 395 τι
1093 348 1301 412 μαθεῖν
1330 339 1365 413 ἢ
1399 341 1634 398 ἀκοῦσαι
1666 346 1784 416 ἰδίᾳ

104 421 189 478 ὅτι
227 423 301 495 μὴ
339 425 433 480 καὶ
471 427 530 481 οἱ
564 424 723 482 ἄλλοι
760 426 984 497 πάντες,
1031 421 1094 483 εὖ
1134 435 1273 499 ἴστε,
1321 427 1407 484 ὅτι
1455 427 1558 484 οὐκ
1595 428 1783 501 ἀληθῆ

102 512 262 582 λέγει.

249 602 423 658 ΧΧΠ.
489 599 652 659 Ἀλλόι
693 601 787 659 διὰ
822 607 882 659 τί
905 603 985 675 ’δή
1023 623 1153 661 ποτε
1191 604 1307 677 μετ’
1351 607 1489 678 ἐμοῦ
1525 610 1789 678 χαίρουσί

100 707 246 752 τινες
268 687 448 744 πολὺν
478 689 685 761 χρόνον
710 690 716 764 Ι
745 694 1145 764 διατρίβοντες;
1186 691 1472 763 ἀκηκόατε,
1506 687 1548 748 ὦ
1581 692 1833 767 ἄνδρεςῦ

98 772 406 845 Ἀθηναῖοι·
453 780 639 832 πᾶσαν
683 775 820 850 ὑμῖν
864 777 967 850 τὴν
1006 777 1281 850 ἀλήθειαν
1321 779 1426 850 ἐγὼ
1466 779 1648 852 εἶπον,
1696 781 1782 838 ὅτι

101 858 398 928 ἀκούοντες
433 869 726 937 χαίρουσιν
773 867 1172 938 ἐξεταζομένοις
1208 873 1325 933 τοῖς
1363 870 1639 939 οἰομένοις
1677 869 1780 940 μὲν

101 947 245 1006 εἶναι
285 962 507 1023 σοφοῖς,
554 946 683 1009 οὖσι
722 952 773 1009 δ’
818 953 909 1010 οὔ·
955 959 1069 1011 ἔστι
1114 953 1219 1028 γὰρ
1261 955 1363 1012 οὐκ
1402 955 1581 1028 ἀηδές.
1658 958 1780 1029 ἐμοὶ

101 1038 163 1094 δὲ
199 1041 384 1111 τοῦτο,
425 1038 500 1106 ὥς
538 1041 645 1111 ἐγώ
683 1063 849 1113 φημι,
896 1044 1290 1115 προστέτακται
1334 1042 1441 1099 ὑπὸ
1490 1048 1590 1100 τοῦ
1635 1050 1778 1102 θεοῦ

99 1126 358 1198 πράττειν
397 1128 488 1182 καὶ
536 1130 595 1183 ἐκ
631 1133 905 1199 μαντείων
943 1131 1036 1185 καὶ
1075 1132 1130 1197 ἐξ
1170 1134 1448 1187 ἐνυπνίων
1484 1133 1576 1187 καὶ
1614 1134 1780 1188 παντὶ

98 1214 303 1289 τρόπῳ,
345 1207 489 1290 ᾧπέρ
528 1220 611 1280 τίς
647 1234 778 1272 ποτε
813 1217 905 1271 καὶ
944 1216 1081 1289 ἄλλη
1120 1222 1250 1273 θεία
1289 1230 1456 1291 μοῖρα
1493 1217 1776 1296 ἀνθρώπῳ

11 1341 14 1343 Α
98 1302 191 1358 καὶ
230 1299 424 1357 ὁτιοῦν
461 1304 758 1375 προσέταξε
796 1304 1069 1377 πράττειν.
1144 1308 1342 1375 ταῦτα,
1390 1299 1433 1361 ὦ
1468 1305 1777 1379 Ἀθηναῖοι,

97 1389 190 1444 καὶ
228 1387 415 1460 ἀληθῆ
457 1393 604 1446 ἐστιν
641 1393 735 1447 καὶ
773 1391 1075 1463 εὐέλεγκτα.
1144 1397 1195 1448 εἰ
1222 1392 1328 1466 γὰρ
1363 1393 1431 1464 δὴ
1464 1398 1634 1465 ἔγωγε
1663 1399 1777 1452 τῶν

99 1478 243 1533 νέων
280 1477 413 1542 τοὺς
449 1479 551 1549 μὲν
591 1483 922 1552 διαφθείρω,
950 1481 957 1555 Ι
981 1479 1113 1546 τοὺς
1152 1481 1213 1536 δὲ
1252 1482 1591 1554 διέφθαρκα,
1635 1487 1833 1555 χρῆνΙ)

99 1564 296 1637 δήπου,
337 1571 443 1621 εἴτε
480 1566 625 1632 τινὲς
663 1566 846 1624 αὐτῶν
884 1568 1246 1641 πρεσβύτεροι
1282 1569 1576 1640 γενόμενοι
1608 1575 1775 1641 ἔγνω-

98 1670 229 1724 σαν,
283 1652 368 1709 ὅτι
420 1655 571 1720 νέοις
623 1649 785 1711 οὖσιν
839 1655 1029 1721 αὐτοῖς
1082 1654 1187 1726 ε’γῶ
1240 1656 1415 1712 κακὸν
1459 1658 1682 1714 πώποτέ
1721 1680 1775 1714 τι

99 1742 528 1814 ξυνεβούλευσα,
567 1744 699 1798 νυνὶ
738 1742 942 1809 αὐτοὺς
980 1742 1389 1814 ἀναβαίνοντας
1438 1747 1573 1816 ἐμοῦ
1611 1768 1772 1818 κατη-

96 1840 286 1902 γορεῖν
323 1831 415 1886 καὶ
452 1838 836 1902 τιμωρεῖσθαι·
876 1834 927 1886 εἰ
963 1831 1027 1887 δὲ
1063 1832 1137 1903 μὴ
1179 1830 1338 1888 αὐτοὶ
1376 1831 1613 1903 ἤθελον,
1658 1839 1772 1891 τῶν

99 1920 317 1973 οἰκείων
355 1917 511 1983 τινας
546 1922 659 1974 τῶν
700 1921 943 1990 ἐκείνων,
981 1920 1217 1991 πατέρας
1250 1919 1343 1974 καὶ
1374 1917 1651 1990 ἀδελφοὺς
1680 1923 1772 1977 καὶ

97 2004 299 2070 ἄλλους
343 2003 473 2070 τοὺς
516 2005 922 2077 προσήκοντας,
976 2013 1125 2079 εἴπερ
1172 2003 1266 2061 ὑπ’
1318 2007 1454 2077 ἐμοῦ
1501 2027 1553 2062 τι
1597 2009 1771 2065 κακὸν

98 2091 479 2147 ἐπεπόνθεσαν
527 2094 709 2149 αὐτῶν
757 2096 814 2149 oc
858 2097 1076 2164 οἰκεῖοι,
1129 2096 1238 2149 νῦν
1292 2098 1608 2165 μεμνῆσθαι
1656 2097 1772 2165 [καὶ

95 2180 494 2254 τιμωρεῖσθαι].
569 2181 787 2247 πάντως
826 2182 888 2237 δὲ
925 2181 1180 2253 πάρεισιν
1221 2179 1405 2238 αὐτῶν
1451 2183 1647 2238 πολλοὶ
1687 2186 1771 2239 ε’ν-

96 2275 323 2339 ταυθοῖ,
372 2266 470 2334 οὓς
516 2267 620 2339 ἐγὼ
669 2266 808 2341 ὁρῶ,
855 2273 1073 2341 πρῶτον
1119 2268 1220 2340 μὲν
1259 2273 1483 2341 Κρίτων
1519 2268 1525 2342 Ι
1562 2267 1824 2341 οὖτοσί,Ε

97 2355 227 2426 ἐμὸς
248 2353 540 2426 ἡλικιώτης
563 2356 655 2410 καὶ
688 2355 945 2426 δημότης,
972 2354 1361 2428 Κριτοβούλου
1385 2359 1552 2411 τοῦδε
1575 2357 1769 2430 πατήρ,

97 2445 278 2497 ἔπειτα
317 2447 600 2507 Λυσανίας
640 2440 669 2498 ὁ
710 2442 1014 2514 Σφήττιος,
1057 2446 1330 2513 Αἰσχίνου
1367 2446 1537 2498 τοῦδε
1573 2444 1770 2515 πατήρ,

97 2531 175 2583 ἔτι
208 2526 482 2600 Ἀντιφαῑν
529 2526 559 2584 ὁ
601 2529 910 2601 Κηφισιεὺς
957 2527 1170 2599 οὑτοσί,
1214 2527 1529 2599 Ἐπιγένους
1573 2531 1768 2604 πατήρ,

97 2614 254 2670 ἄλλοι
291 2620 484 2671 τοίνυν
525 2610 705 2686 οὗτοι,
753 2610 833 2672 ὦν
874 2618 932 2672 οἰ
966 2616 1199 2686 ἀδελφοὶ
1238 2618 1298 2671 ἐν
1335 2616 1506 2688 ταύτῃ
1546 2621 1611 2690 τῇ
1653 2621 1769 2672 δια-

96 2706 254 2774 τριβῇ
293 2702 610 2773 γεγόνασιν,
650 2703 1027 2776 Νικόστρατος
1066 2701 1095 2758 ὁ
1144 2708 1489 2774 Θεοζοτίδου,
1529 2702 1771 2774 ἀδελφὸς

96 2788 375 2844 Θεοδότου
417 2820 479 2830 -
521 2789 615 2844 καὶ
653 2787 683 2844 ὁ
731 2790 833 2859 μὲν
872 2793 1140 2855 Θεόδοτος
1178 2789 1579 2861 τετελεύτηκεν,
1631 2790 1770 2845 ὥστε

1440 2878 1502 2919 4*
