2020 3198
210 151 318 204 104
880 155 1218 199 ΠΛΑΤΩΝΟΣ

205 272 304 341 γε·.’
351 272 429 326 ’τί
470 270 523 328 δ’
574 266 674 339 αῦ;
731 275 846 327 ἔστι
896 293 951 328 τι
993 272 1087 328 καὶ
1131 271 1352 329 τοιόνδε
1400 273 1460 328 έν
1506 269 1719 342 αὐτοῖς,
1766 265 1890 328 οἷον

206 357 407 429 μεταξὺ
443 357 774 432 ἀμφοτέρων
804 358 1029 416 πάντων
1059 363 1172 416 τῶν
1205 361 1474 416 ἐναντίων
1506 364 1668 417 δυοῖν
1700 358 1891 415 ὄντοιν

149 445 188 490 Β
209 445 312 502 δύο
345 447 605 517 γενέσεις,
638 443 746 502 ἀπὸ
781 445 883 518 μὲν
913 449 1014 502 τοῦ
1047 447 1238 519 ἑτέρου
1278 447 1364 502 ἐπὶ
1397 452 1406 516 Ι
1438 445 1502 502 τὸ
1535 447 1742 519 ἕτερον,
1780 444 1890 501 ἀπὸ

206 532 260 589 δ’
304 526 379 590 αὖ
424 537 525 590 τοῦ
565 534 758 606 ἑτέρου
803 533 973 590 πάλιν
1020 535 1107 590 ἐπὶ
1143 533 1206 590 τὸ
1247 536 1457 606 ἕτερον·
1504 538 1753 606 μείζονος
1789 533 1891 605 μὲν

205 621 527 695 πράγματος
571 623 665 678 καὶ
713 622 1003 689 ἐλάττονος
1042 621 1241 694 μεταξὺ
1283 621 1511 694 αὔξησις
1546 623 1639 678 καὶ
1677 626 1891 693 φθίσις,

205 711 299 766 καὶ
327 714 607 782 καλοῦμεν
641 709 786 767 οῦτω
817 710 879 767 τὸ
906 710 1007 782 μὲν
1032 709 1393 781 αὐξάνεσθαι,
1425 709 1488 766 τὸ
1522 709 1584 766 δὲ
1615 701 1888 781 φθίνειν;’

206 800 358 870 ’ναί,’
392 802 513 870 ἔφη.
547 797 776 855 εοὐκοῦν
806 799 900 854 καὶ
933 802 1320 872 διακρίνεσθαι
1349 799 1442 854 καὶ
1474 802 1890 871 συγκρίνεσθαι,

204 886 298 942 καὶ
351 886 634 959 ψύχεσθαι
693 886 788 941 καὶ
841 891 1275 959 θερμαίνεσθαι,
1337 888 1431 941 καὶ
1490 885 1671 941 πάντα
1725 884 1891 956 οὕτω,

204 971 313 1030 κᾶν
353 977 404 1030 εί
441 974 515 1046 μὴ
547 973 813 1047 χρώμεθα
842 984 959 1040 τοῖς
990 972 1262 1046 ὀνόμασιν
1295 975 1546 1045 ἐνιαχοῦ,
1585 972 1711 1029 ἀλλ’
1748 978 1890 1048 ἔργῳ

204 1065 349 1134 γοῦν
388 1065 674 1134 πανταχοῦ
714 1060 891 1128 οὕτως
936 1066 1081 1133 ἔχειν
1121 1060 1454 1133 ἀναγκαῖον,
1500 1066 1802 1133 γίγνεσθαί
1834 1083 1892 1118 τε

206 1149 347 1207 αὐτὰ
399 1153 454 1219 ἐξ
505 1149 761 1222 ἀλλήλων
788 1217 791 1232 ἰ
816 1151 1036 1221 γένεσίν
1092 1172 1150 1206 τε
1201 1148 1345 1207 εἶναι
1394 1151 1450 1217 ἐξ
1504 1150 1764 1223 ἑκατέρου
1814 1153 1892 1216 εἰς

206 1239 466 1311 ἄλληλα;’
508 1239 676 1295 “ποὲνυ
714 1238 816 1310 μὲν
857 1232 1000 1309 οὗν,’
1039 1232 1074 1310 ἦ
1115 1237 1167 1294 δ’
1212 1237 1286 1305 ὅς.

155 1339 191 1386 C
357 1328 505 1385 XVI.
568 1330 663 1382 ‘Tc'
699 1321 850 1395 οῦν;’
891 1331 1011 1399 ἔφη.
1069 1329 1162 1403 ετῷ
1198 1328 1206 1399 Ι
1241 1330 1338 1399 ζῆν
1378 1329 1495 1383 ἐστί
1522 1349 1575 1383 τι
1614 1329 1890 1396 ἐναντίον,

206 1415 390 1489 ὥσπερ
422 1420 498 1492 τῷ
533 1416 894 1489 ἐγρηγορέναι
925 1414 987 1472 τὸ
1018 1415 1371 1483 καθεύδειν;’
1413 1414 1581 1471 “πάνυ
1611 1414 1713 1486 μὲν
1746 1407 1888 1484 οὖν,’

204 1509 327 1576 ἔφη.
369 1506 484 1572 ‘aa'
525 1502 605 1559 “cb
645 1502 955 1573 τεθνάναι,,’
996 1507 1117 1574 ἔφη.
1174 1502 1403 1559 τοὐκοῦν
1444 1505 1498 1570 ἐξ
1537 1501 1794 1575 ἀλλήλων
1831 1525 1890 1559 τε

201 1597 450 1664 γίγνεται
486 1594 684 1662 ταῦτα,
731 1598 880 1663 εἴπερ
928 1591 1152 1646 ἐναντία
1191 1592 1365 1660 ἐστιν,
1414 1591 1506 1646 καὶ
1554 1593 1616 1646 αἱ
1650 1592 1891 1662 γενέσεις

203 1681 346 1737 εἰσὶν
386 1678 582 1736 αὐτοῖν
614 1677 815 1750 μεταξὺ
848 1678 953 1734 δύο
995 1682 1157 1735 δυοῖν
1190 1677 1427 1746 ὅντοιν;’
1468 1680 1602 1744 ‘mag
1630 1677 1739 1751 γὰρ
1772 1677 1888 1745 οῦ;’

204 1767 325 1841 “τὴν
365 1768 466 1839 μὲν
504 1772 699 1824 τοίνυν
746 1768 939 1839 ἑτέραν
986 1771 1249 1838 συζυγίαν
1297 1759 1378 1821 ὧν
1423 1768 1532 1821 νῦν
1580 1765 1650 1838 δὴ
1696 1770 1888 1837 ἔλεγον

202 1857 309 1930 ἐγώ
351 1857 479 1927 σοι,’
519 1860 645 1927 ἔφη,
687 1857 853 1929 “ε’ρῶ,’
894 1853 923 1911 ὁ
957 1854 1279 1927 Σωκράτης,
1321 1854 1432 1909 ‘nal
1464 1852 1639 1925 αὐτὴν
1669 1854 1763 1910 καὶ
1792 1853 1889 1920 τὰς

201 1946 464 2017 γενέσεις·
519 1941 590 1999 σὺ
645 1944 711 1999 δέ
761 1965 856 2014 μοι
909 1941 1012 2015 τὴν
1065 1943 1272 2016 ἑτέραν.
1355 1943 1496 2014 λέγω
1553 1943 1615 1999 δὲ
1667 1941 1729 1998 τὸ
1786 1942 1887 2014 μὲν

200 2032 529 2102 καθεύδειν,
574 2031 636 2087 τὸ
691 2031 753 2088 δὲ
792 2032 1178 2104 ἐγρηγορέναι,
1216 2032 1310 2086 καὶ
1350 2033 1410 2087 ἐκ
1445 2034 1547 2087 τοῦ
1585 2030 1888 2087 καθεύδειν

200 2121 264 2177 τὸ
305 2121 668 2193 ἐγρηγορέναι
704 2123 1003 2191 γίγνεσθαι
1039 2120 1132 2175 καὶ
1178 2121 1238 2176 ἐκ
1283 2122 1385 2175 τοῦ
1425 2120 1787 2192 ἐγρηγορέναι
1823 2117 1886 2174 τὸ

141 2208 211 2283 D!
238 2208 566 2279 καθεύδειν,
612 2207 706 2263 καὶ
758 2206 855 2273 τὰς
899 2209 1141 2279 γενέσεις
1187 2205 1383 2264 αὐτοῖν
1428 2206 1532 2278 τὴν
1579 2207 1680 2278 μὲν
1725 2229 1886 2262 κατα-

203 2295 514 2369 δαρθάνειν
554 2293 723 2365 εἶναι,
768 2295 872 2367 τὴν
919 2294 972 2351 δ’
1024 2294 1426 2367 ἄνεγείρεσθαι.
1510 2296 1713 2360 ἱκανῶς
1758 2295 1885 2364 σοι,’

202 2388 329 2456 ἔφη,
377 2380 430 2454 ε’ἢ
472 2381 587 2450 οὖς’
636 2383 805 2438 “ποένυ
851 2382 953 2454 μὲν
1000 2377 1141 2439 οὖν.’
1190 2384 1331 2454 ελέγε
1377 2383 1448 2454 δή
1494 2404 1590 2454 μοι
1632 2382 1726 2438 καὶ
1775 2381 1885 2452 σύ,’

201 2476 326 2544 ἔφη,
368 2468 533 2527 ‘offra’
573 2471 699 2543 περὶ
732 2473 869 2541 ζωῆς
897 2471 990 2526 καὶ
1028 2470 1298 2526 θανάτου.
1353 2469 1457 2526 οὐκ
1489 2473 1745 2526 ἐναντίον
1783 2469 1885 2541 μὲν

202 2557 311 2632 φῂς
348 2560 424 2633 τῷ
460 2559 557 2628 ζῆν
587 2555 649 2612 τὸ
681 2557 954 2613 τεθνάναι
986 2555 1175 2624 εἷναι;’
1216 2558 1439 2627 “ἔγωγε.’
1480 2558 1793 2628 ”γίγνεσθαι
1825 2557 1886 2613 δὲ

202 2649 256 2713 ἐξ
297 2642 601 2716 ἀλλήλων;’
642 2646 788 2700 ‘vad'
837 2645 912 2711 Ἓξ
951 2638 1055 2700 οὖν
1099 2648 1202 2700 τοῦ
1252 2648 1451 2711 ζῶντος
1495 2649 1554 2700 τί
1591 2644 1655 2702 τὸ
1701 2644 1885 2717 γιγνό-

202 2755 374 2807 μενον
390 2734 424 2800 ;'
466 2731 546 2788 (τὸ
587 2731 906 2803 τεθνηκός,’
947 2736 1068 2804 ἔφη.
1108 2734 1184 2788 ‘vl
1218 2733 1317 2802 δέ,’
1357 2725 1391 2803 ἦ
1431 2730 1484 2787 δ’
1537 2731 1621 2804 ὅς,
1670 2735 1748 2790 ‘gx
1784 2735 1886 2789 τοῦ

198 2822 551 2888 τεθνεῶτος;’
593 2818 958 2892 (ἀναγκαῖονξ
1000 2824 1124 2892 ἔφη,
1173 2817 1487 2891 “ὃμολογεῖν
1527 2817 1612 2875 ὅτι
1649 2818 1711 2875 τὸ
1745 2820 1885 2887 ζῶν]
