2020 3198
0 889 17 916 ν’.

0 963 26 988 12.

0 995 14 1038 a

0 1042 18 1070 ¹3<

2 1281 10 1294 ῑ

0 1355 10 1365 ,γ

0 1979 20 2070 ξ

0 2152 17 2171 Ιῐκ

0 2363 15 2399 Γ».

0 2408 26 2475 Ξ

0 2473 21 2538 3

0 2547 22 2588 ἶνις,

0 2590 17 2632 :4

0 2695 31 2769 ᾗ

811 155 1047 200 ΚΡΙΤΩΝ.
1702 151 1770 204 ‘11

1440 233 1468 260 C

236 284 326 327 KP.
373 273 530 330 ’Ἐστι
567 276 752 329 ταῦτα.

237 370 331 413 ΣΩ.
402 359 553 417 Εἶεν.
629 358 937 431 ἀπειθήσας
984 359 1047 416 δὲ
1083 363 1158 436 τῷ
1207 359 1293 416 ἐνὶ
1338 359 1430 414 καὶ
1464 362 1472 432 Ι
1507 357 1826 431 ἀτιμάσαςῦ

89 448 266 506 αὐτοῦ
306 448 408 521 τὴν
450 448 620 515 δόξαν
658 448 751 504 καὶ
788 446 920 514 τοὺς
959 449 1236 518 ἐπαίνους,
1274 446 1506 519 τιμήσας
1546 447 1608 504 δὲ
1643 446 1775 513 τοὺς

89 541 204 594 τῶν
239 540 464 593 πολλῶν
502 537 708 607 λόγους
744 537 837 592 καὶ
875 535 1050 608 μηδὲν
1090 537 1414 606 ἐπαϊόντων,
1457 529 1567 607 ἆρα
1605 534 1775 591 οὐδὲν

89 624 264 681 κακὸν
303 630 573 691 πείσεται;

237 725 326 766 ΚΡ.
389 717 521 779 Πῶς
559 714 665 786 γὰρ
707 712 802 781 οὕς

239 812 334 856 ΣΩ.
402 808 473 858 Τί
508 799 561 857 δ’
605 806 720 857 ἔστι
757 800 819 857 τὸ
859 800 1033 858 κακὸν
1071 805 1262 868 τοῦτο;
1312 801 1405 856 καὶ
1449 811 1550 856 ποῖ
1589 803 1774 869 τείνει,

90 892 182 947 καὶ
222 895 298 957 εἰς
335 895 395 946 τί
426 893 540 947 τῶν
578 893 679 946 τοῦ
721 889 1117 957 ἀπειθοῦντος;

237 989 326 1034 ΚΡ.
390 982 585 1050 Δῆλον
627 976 711 1034 ὅτι
750 981 829 1043 εἰς
858 976 920 1034 τὸ
955 980 1134 1048 σῶμα·
1174 980 1337 1032 τοῦτο
1369 975 1475 1048 γὰρ
1512 983 1771 1037 ὃιολλύει.

239 1075 333 1120 ΣΩ.
397 1070 599 1132 Καλῶς
628 1066 817 1136 λέγεις.
869 1064 1080 1121 οὐκοῦν
1110 1066 1203 1120 καὶ
1234 1058 1424 1135 τᾶλλα,
1457 1057 1500 1120 ῶ
1532 1068 1776 1134 Κρίτων,

97 1152 296 1225 οὕτως,
344 1157 438 1211 ἵνα
476 1153 550 1225 μὴ
592 1153 772 1209 πάντα
812 1157 1067 1224 διΐωμεν,
1112 1152 1204 1207 καὶ
1253 1151 1321 1222 δὴ
1371 1151 1465 1206 καὶ
1501 1151 1627 1222 περὶ
1663 1154 1777 1207 τῶν

93 1247 325 1299 δικαίων
363 1243 456 1298 καὶ
495 1241 706 1298 ἀδίκων
745 1241 838 1297 καὶ
877 1244 1121 1313 αἰσχρῶν
1159 1240 1253 1295 καὶ
1289 1243 1475 1295 καλῶν
1512 1239 1606 1294 καὶ
1643 1237 1777 1310 ἄγα-

92 1335 219 1388 θῶν
264 1332 357 1387 καὶ
401 1334 616 1402 κακῶν,
670 1331 795 1402 περὶ
842 1323 922 1385 ῶν
969 1332 1076 1384 νῦν
1122 1326 1157 1399 ἡ
1206 1326 1380 1399 βουλὴ
1428 1325 1562 1399 ἡμῖν
1610 1328 1776 1398 ἐστιν,

93 1419 331 1491 πότερον
368 1421 434 1493 τῇ
472 1422 585 1475 τῶν
629 1421 853 1474 πολλῶν
901 1416 1035 1490 δόξῃ
1077 1420 1165 1472 δεῖ
1195 1418 1202 1487 Ι
1236 1414 1378 1487 ἡμᾶς
1417 1416 1649 1471 ἕπεσθαι
1685 1415 1835 1472 καὶΙ)

95 1512 397 1579 φοβεῖσθαι
435 1505 613 1577 αὐτὴν
651 1502 686 1576 ἢ
727 1509 792 1578 τῇ
832 1508 933 1561 τοῦ
973 1506 1123 1574 ἑνός,
1162 1511 1218 1560 εἴ
1241 1508 1323 1569 τίς
1361 1505 1511 1559 ἐστιν
1552 1506 1777 1575 ἐπαΐων,

96 1593 164 1652 ὃν
203 1599 292 1652 δεῖ
324 1595 418 1651 καὶ
457 1594 825 1667 αἰσχύνεσθαι
863 1593 956 1648 καὶ
995 1598 1298 1665 φοβεῖσθαι
1336 1594 1550 1662 μᾶλλον
1580 1588 1616 1663 ἢ
1649 1591 1779 1663 ξύμ-

94 1703 304 1750 παντας
354 1683 486 1749 τοὺς
531 1682 760 1749 ἅλλουςς
818 1675 862 1758 ᾧ
908 1685 960 1738 εἰ
1005 1681 1076 1753 μὴ
1126 1680 1615 1752 ἀκολουθήσομεν,
1662 1683 1779 1735 δια-

95 1776 423 1844 φθεροῦμεν
463 1773 641 1827 ἐκεῖνο
680 1770 773 1826 καὶ
812 1770 1207 1841 λωβησόμεθα,
1255 1765 1286 1824 ὃ
1325 1772 1401 1844 τῷ
1441 1768 1543 1840 μὲν
1583 1771 1777 1843 δικαίῳ

95 1864 314 1931 βέλτιον
363 1861 634 1930 ἐγίγνετο,
690 1861 765 1933 τῷ
815 1857 878 1913 δὲ
923 1856 1097 1927 ἀδίκῳ
1147 1854 1452 1913 ἀπώλλυτο.
1527 1852 1562 1926 ἢ
1611 1854 1779 1911 οὐδέν

97 1949 210 2004 ἐστι
247 1951 438 2014 τοῦτο;

243 2046 331 2087 ΚΡ.
398 2031 566 2105 Οἶμαι
605 2038 792 2104 ἔγωγε,
833 2026 877 2089 ῶ
917 2032 1224 2105 Σώκρατες.

244 2124 393 2179 VIII.
470 2130 564 2173 ΣΩ.
633 2122 774 2193 Φέρε
821 2121 918 2192 δή,
973 2119 1071 2176 ἐὰν
1116 2119 1178 2176 τὸ
1225 2117 1334 2175 ὑπὸ
1379 2122 1481 2176 τοῦ
1526 2117 1779 2191 ὑγιεινοῦ

97 2210 199 2282 μὲν
246 2211 465 2281 βέλτιον
511 2209 872 2281 γιγνόμενον,
917 2206 1026 2264 ὑπὸ
1075 2211 1176 2263 τοῦ
1223 2207 1510 2272 νοσώδους
1556 2207 1618 2264 δὲ
1665 2212 1779 2264 δια-

97 2300 479 2372 φθειρόμενον
520 2299 858 2369 διολέσωμεν
895 2296 1224 2367 πειθόμενοι
1262 2295 1335 2367 μὴ
1375 2298 1440 2367 τῇ
1479 2299 1592 2352 τῶν
1633 2298 1780 2352 ἐπαϊ-

97 2386 278 2443 όντων
326 2387 487 2459 δόξῃ,
542 2380 653 2458 ἆρα
698 2384 904 2456 βιωτὸν
953 2383 1088 2456 ἡμῖν
1133 2386 1282 2440 ἐστιν
1317 2390 1324 2451 Ι
1360 2384 1833 2456 διεφθαρμένουΕ

97 2474 299 2541 αὐτοῦς
340 2479 454 2531 ἔστι
495 2475 559 2530 δε’
594 2494 702 2530 που
740 2477 903 2530 τοῦτο
945 2476 1123 2544 σῶμα·
1161 2469 1196 2542 ἢ
1238 2470 1368 2543 οὐχί
1375 2497 1387 2538 ;

242 2574 332 2616 KP.
394 2566 524 2619 Ναί.

246 2660 343 2702 ΣΩ.
395 2643 513 2721 Ἆρ’
559 2645 663 2706 οὖν
702 2648 908 2720 βιωτὸν
952 2647 1087 2720 ἡμῖν
1127 2650 1276 2703 ἐστιν
1315 2647 1449 2719 μετὰ
1488 2650 1780 2719 μοχθηροῦ

10 2772 19 2778 ,
97 2737 191 2793 καὶ
233 2737 651 2807 διεφθαρμένου
690 2735 963 2807 σῶματος;

244 2833 335 2877 ΚΡ.
402 2821 687 2893 Οὐδαμῶς.
