2020 3198
803 166 1039 210 ΚΡΙΤΩΝ.
1692 162 1764 214 65

4 291 10 300 “
80 285 316 356 μάλιστα
363 287 424 342 ἐν
468 287 533 358 τῇ
580 283 710 340 νυνὶ
755 284 1076 356 παρεστώσῃ
1119 283 1399 354 ξυμφορᾷ,
1448 278 1522 346 ὥς
1558 281 1765 354 ῥᾳδίως

82 370 260 444 αὐτὴν
298 373 392 428 καὶ
430 373 618 446 πρᾴως
658 374 853 445 φέρεις.

229 470 325 515 ΣΩ.
389 461 502 516 Καὶ
541 459 647 532 γὰρ
688 458 777 530 ἄν,
818 452 861 515 ὦ
895 464 1138 532 Κρίτων,
1171 457 1477 530 πλημμελὲς
1515 464 1598 527 εἴη
1631 454 1763 526 ἀγα-

83 560 305 604 νακτεῖν
344 552 671 620 τηλικοῦτον
712 546 871 617 ὄντα,
912 551 962 602 εἰ
1000 550 1089 603 δεῖ
1121 546 1229 618 ἤδη
1267 551 1274 617 Ι
1306 547 1578 601 τελευτᾶν.
1781 547 1814 592 C

230 648 319 690 KP.
386 636 495 692 Καὶ
527 635 704 706 ἄλλοι,
736 629 781 691 ὦ
805 635 1114 708 Σώκρατες,
1145 638 1458 705 τηλικοῦτοι
1491 636 1550 689 ἐν
1580 631 1759 687 τοιαύ-
1831 629 1836 633 ’

83 747 202 791 ταις
226 727 532 797 ξυμφοραῖς
555 722 890 794 ἁλίσκονται,
916 722 1037 779 ἀλλ’
1069 722 1237 779 οὐδὲν
1263 721 1466 788 αὐτοὺς
1490 720 1765 778 ἐπιλύεται

84 812 118 884 ἡ
158 812 343 885 ἡλικία
383 812 443 868 τὸ
485 812 558 884 μὴ
602 811 724 884 οὐχὶ
764 811 1095 883 ἀγανακτεῖν
1133 816 1197 885 τῇ
1238 812 1492 884 παρούσῃ
1531 809 1682 882 τύχῃ.

233 909 328 953 ΣΩ.
375 899 532 956 ’Ἐστι
570 904 757 956 ταῦτα.
821 899 961 955 ἀλλά
1001 905 1059 956 τί
1093 898 1162 970 δὴ
1204 897 1347 955 οὕτω
1387 897 1506 974 πρῲ
1547 896 1763 969 ἀφῖξαι;

230 999 321 1041 ΚΡ.
378 987 680 1060 Ἀγγελίαν,
721 982 765 1045 ὦ
805 989 1123 1061 Σώκρατες,
1163 990 1351 1061 φέρων
1389 985 1655 1059 χαλεπήν,
1697 984 1764 1041 οὐ

86 1082 193 1148 σοί,
234 1075 309 1143 ὥς
348 1077 467 1148 ἐμοὶ
507 1082 788 1148 φαίνεται,
829 1075 943 1132 ἀλλ’
989 1076 1110 1148 ἐμοὶ
1147 1076 1240 1131 καὶ
1277 1086 1393 1141 τοῖς
1432 1086 1550 1140 σοῖς
1590 1077 1764 1145 ἐπιτη-

86 1169 255 1232 δείοις
285 1169 456 1221 πᾶσιν
487 1165 580 1220 καὶ
611 1164 854 1236 χαλεπὴν
884 1165 975 1220 καὶ
1000 1170 1247 1237 βαρεῖαν,
1280 1160 1351 1234 ἣν
1384 1162 1509 1235 ἐγώ,
1541 1160 1614 1228 ὡς
1645 1162 1766 1233 ἐμοὶ

4 1319 8 1321 ,
87 1257 254 1323 δοκῶ,
296 1256 355 1309 ἐν
393 1263 509 1319 τοῖς
547 1252 808 1325 βαρύτατ’
853 1250 925 1309 ἀν
965 1255 1256 1324 ἐνέγκαιμι.

234 1349 329 1393 ΣΩ.
398 1345 536 1396 Τίνα
559 1341 792 1413 ταύτην;
833 1337 867 1412 ἢ
899 1339 961 1397 τὸ
994 1347 1192 1395 πλοῖον
1218 1337 1443 1410 ἀφῖκται
1468 1341 1527 1395 ἐκ
1551 1337 1764 1409 Δήλου,

87 1422 156 1485 οὗ
197 1433 285 1485 δεῖ
314 1437 321 1495 Ι
356 1428 703 1500 ἀφικομένου
739 1428 1010 1485 τεθνάναι
1048 1450 1137 1499 με;
1499 1463 1501 1465 ν
1780 1423 1821 1468 D

233 1527 324 1568 KP.
390 1515 560 1572 Οὔτοι
600 1515 668 1587 δὴ
710 1515 961 1588 ἀφῖκται,
1002 1515 1140 1571 ἀλλὰ
1174 1519 1330 1571 δοκεῖ
1357 1515 1457 1586 μέν
1489 1538 1583 1587 μοι
1613 1514 1763 1586 ἥξειν

87 1604 326 1678 τήμερον
366 1607 420 1671 ἐξ
453 1598 533 1661 ὧν
565 1604 1007 1676 ἀπαγγέλλουσιν
1038 1603 1263 1675 ἥκοντές
1292 1626 1437 1669 τινες
1468 1603 1577 1660 ἀπὸ
1618 1611 1766 1660 Σου-

87 1697 215 1749 νίου
245 1693 337 1749 καὶ
367 1692 757 1757 καταλιπόντες
789 1694 902 1748 ἐκεῖ
930 1691 1081 1748 αὐτό.
1121 1695 1294 1763 δῆλον
1327 1684 1431 1747 οὖν
1464 1693 1522 1746 ἐκ
1552 1691 1765 1747 τούτων

88 1784 198 1837 τῶν
245 1781 522 1851 α’γγελιῶν
570 1779 654 1835 ὅτι
700 1779 815 1851 ἥξει
861 1781 1126 1852 τήμερον,
1171 1780 1264 1835 καὶ
1310 1777 1523 1849 ἀνάγκη
1573 1778 1642 1849 δὴ
1689 1782 1767 1846 εἰς

89 1869 290 1943 αὔριον
330 1874 505 1939 ἔσται,
545 1862 587 1926 ὦ
629 1869 939 1941 Σώκρατες,
977 1867 1076 1923 τὸν
1116 1872 1242 1938 βίον
1283 1884 1344 1922 σε
1381 1869 1654 1922 τελευτᾶν.

234 1960 305 2012 ΙΙ.
371 1965 465 2009 ΣΩ..
523 1955 689 2027 Ἀλλ’,
730 1950 773 2012 ὦ
799 1961 1042 2028 Κρίτων,
1082 1955 1217 2028 τύχῃ
1259 1953 1462 2026 ἀγαθῇ.
1517 1958 1567 2010 εί
1595 1954 1763 2027 ταύτῃ

89 2055 204 2111 τοῖς
242 2053 397 2110 θεοῖς
436 2050 629 2115 φίλον,
667 2044 837 2116 ταύτῃ
879 2047 1030 2099 ἔστω.
1087 2041 1154 2099 ού
1195 2042 1383 2113 μέντοι
1424 2040 1576 2114 οἶμαι
1614 2040 1764 2113 ἥξειν

91 2131 225 2189 αὐτὸ
262 2136 269 2203 Ι
302 2132 557 2204 τήμερον.
1781 2146 1838 2186 44

235 2231 325 2275 ΚΡ.
387 2221 583 2276 Πόθεν
621 2224 785 2276 τοῦτο
824 2225 1125 2292 τεκμαίρει;

238 2318 332 2361 ΣΩ.
390 2306 541 2380 Ἐγώ
582 2325 670 2365 σοι
711 2311 832 2380 ἐρῶ.
879 2312 944 2381 τῇ
984 2309 1091 2381 γάρ
1131 2326 1240 2364 που
1277 2306 1539 2381 ὑστεραίᾳ
1578 2309 1666 2361 δεῖ
1701 2328 1767 2376 με

90 2394 468 2470 ἀποθνῄσκειν
506 2393 540 2467 ἢ
581 2389 616 2468 ᾗ
657 2393 727 2451 ἂν
769 2401 906 2469 ἔλθῃ
946 2395 1007 2451 τὸ
1048 2402 1258 2451 πλοῖον.

235 2494 324 2538 ΚΡ.
392 2490 541 2539 Φασί
575 2485 641 2554 γε’
675 2505 760 2539 τοι
801 2483 869 2555 δὴ
912 2486 970 2539 οἱ
1004 2485 1216 2539 τούτων
1253 2482 1452 2554 κύριοι.

237 2580 332 2624 ΣΩ.
398 2571 480 2627 Οὐ
526 2576 720 2627 τοίνυν
758 2573 855 2643 τῆς
893 2570 1157 2641 ἐπιούσης
1195 2568 1399 2641 ἡμέρας
1439 2567 1590 2640 οἶμαι
1630 2568 1764 2626 αὐτὸ

91 2657 259 2730 ἥξειν,
298 2657 439 2714 ἀλλὰ
477 2661 573 2730 τῆς
612 2660 810 2731 ἑτέρας.
855 2662 1213 2731 τεκμαίρομαι
1253 2657 1314 2712 δὲ
1360 2661 1419 2713 ἔκ
1456 2679 1607 2723 τινος
1646 2659 1766 2712 ἐνυ-

0 2820 1 2823 ,
90 2751 275 2817 πνίου,
316 2744 346 2802 ὃ
387 2745 601 2817 ἑώρακα
642 2744 834 2817 ὀλίγον
873 2746 1143 2819 πρότερον
1175 2744 1376 2815 ταύτης
1413 2748 1511 2815 τῆς
1547 2743 1766 2809 νυκτός·

91 2834 182 2889 καὶ
219 2832 564 2899 κινδυνεύεις
604 2834 664 2889 ἐν
701 2837 874 2908 καιρῷ
914 2856 1024 2888 τινι
1065 2831 1167 2888 οὐκ
1206 2835 1416 2902 ἐγεῖραί
1449 2853 1529 2902 με.

178 2931 315 2963 Pnuzo
340 2929 359 2962 1
1470 2923 1495 2961 5
