2020 3198
843 191 1088 236 ΦΑΙΔΩΝ.
1698 193 1804 246 165

123 308 388 366 ἐντεῦθεν
419 309 511 365 καὶ
543 313 747 381 εἰσρεῖν
781 318 790 376 Ι
822 308 1003 364 πάντα
1041 307 1107 364 τὰ
1139 308 1399 382 ῥεύματα,
1432 308 1515 366 ὅτι
1544 311 1856 382 πυθμέναΒ

125 395 228 453 οὐκ
266 401 375 469 ἔχει
421 396 555 454 οὐδὲ
601 396 770 468 βάσιν
816 396 878 453 τὸ
926 395 1103 470 ὑγρὸν
1150 401 1329 455 τοῦτο.
1407 402 1687 472 αἰωρεῖται
1734 398 1803 471 δὴ

122 486 216 542 καὶ
252 490 507 557 κυμαίνει
547 484 663 541 ἄνω
702 485 792 542 καὶ
823 484 989 556 κάτω,
1027 485 1119 541 καὶ
1160 483 1188 541 ὃ
1231 484 1338 559 ἀὴρ
1370 487 1462 542 καὶ
1493 487 1555 543 τὸ
1589 492 1806 559 πνεῦμα

123 572 185 630 τὸ
224 575 349 647 περὶ
388 572 522 630 αὐτὸ
568 573 772 630 ταύτὸν
817 584 984 630 ποιεῖ·
1033 574 1316 641 ξυνέπεται
1362 573 1469 647 γὰρ
1518 573 1666 651 αὐτῷ
1714 577 1806 631 καὶ

125 659 261 718 ὅταν
299 665 377 728 εἰς
414 661 476 718 τὸ
519 661 601 718 ἐπ’
654 663 835 718 ἐκεῖνα
872 665 969 733 τῆς
1014 664 1114 733 γῆς
1162 659 1376 735 ὁρμήσῃ
1423 664 1516 718 καὶ
1556 662 1690 719 ὅταν
1730 667 1808 730 εἰς

122 747 185 805 τὸ
225 750 312 806 ἐπὶ
349 749 499 820 τάδε,
537 751 630 805 καὶ
670 748 852 823 ὥσπερ
891 753 1004 806 τῶν
1051 749 1449 807 ἀναπνεόντων
1496 750 1583 808 ἀεὶ
1623 754 1812 808 ἐκπνεῖ

124 858 182 894 τε
219 837 313 892 καὶ
344 835 585 894 ἀναπνεῖ
612 839 743 911 ῥέον
773 837 837 895 τὸ
869 842 1104 910 πνεῦμα,
1139 837 1284 895 οὕτω
1315 839 1408 895 καὶ
1441 842 1554 896 ἐκεῖ
1582 844 1809 908 ξυναιω·

124 924 403 997 ρούμενον
462 929 538 1002 τῷ
596 924 751 1004 ὑγρῷ
805 926 867 983 τὸ
932 930 1150 999 πνεῦμα
1204 928 1424 995 δεινούς
1476 952 1631 995 τινας
1684 929 1808 986 ἀνέ-

125 1036 262 1085 μους
298 1013 391 1069 καὶ
436 1011 757 1086 ἀμηχάνους
800 1016 1091 1087 παρέχεται
1142 1015 1236 1070 καὶ
1283 1015 1457 1072 εἰσιὸν
1502 1017 1594 1072 καὶ
1644 1016 1808 1084 ἐξιόν.

126 1101 260 1158 ὅταν
325 1123 383 1157 τε
445 1095 550 1158 οὖν
609 1100 908 1176 [ὁρμῆσαν]
952 1110 959 1170 Ι
999 1101 1333 1177 ὑποχωρήσῃ
1395 1103 1457 1161 τὸ
1517 1104 1670 1177 ὕδωρ
1728 1109 1855 1171 segc

124 1189 226 1246 τὸν
260 1189 436 1246 τόπον
474 1189 573 1247 τὸν
614 1190 682 1262 δὴ
722 1191 868 1247 κάτω
908 1191 1276 1263 καλούμενον,
1316 1203 1433 1259 τοῖς
1462 1192 1582 1248 κατ’
1627 1196 1808 1250 ἐκεῖνα

125 1277 192 1333 τὰ
267 1279 507 1349 ῥεύματα
581 1278 674 1334 διὰ
746 1282 843 1351 τῆς
906 1282 1008 1351 γῆς
1079 1282 1254 1352 εἰσρεῖ
1311 1302 1370 1337 τε
1439 1283 1532 1336 καὶ
1607 1288 1813 1355 πληροῖ

128 1364 266 1422 αὐτὰ
321 1364 502 1439 ὥσπερ
566 1370 623 1423 οἰ
672 1370 1087 1434 ἐπαντλοῦντες·
1151 1366 1286 1424 ὅταν
1345 1390 1403 1425 τε
1457 1363 1529 1425 αὖ
1592 1372 1808 1427 ἐκεῖθεν

128 1454 229 1526 μὲν
280 1452 546 1529 ἀπολίπῃ,
603 1459 769 1529 δεῦρο
823 1456 884 1512 δὲ
937 1454 1177 1529 ὁρμήσῃ,
1232 1455 1299 1512 τὰ
1351 1457 1558 1514 ἐνθάδε
1607 1465 1814 1531 πληροῖ

128 1535 312 1613 αὖθις,
352 1542 418 1598 τὰ
459 1543 521 1600 δὲ
557 1545 926 1617 πληρωθέντα
966 1545 1054 1616 ῥεῖ
1082 1543 1175 1600 διὰ
1206 1548 1318 1601 τῶν
1352 1545 1559 1618 ὀχετῶν
1590 1547 1682 1602 καὶ
1714 1546 1808 1603 διὰ

129 1635 223 1702 τῆς
269 1635 394 1702 γῆς,
447 1631 540 1687 καὶ
594 1635 672 1697 εἰς
720 1630 852 1698 τοὺς
901 1631 1103 1698 τόπους
1154 1634 1354 1688 ἕκαστα
1405 1631 1808 1707 ἀφικνούμενα,

129 1723 205 1786 εἰς
244 1717 342 1786 οὓς
380 1720 645 1787 ἑκάστους
684 1718 1041 1792 ὁδοποιεῖται,
1081 1720 1359 1787 θαλάττας
1397 1744 1454 1778 τε
1491 1723 1584 1779 καὶ
1613 1729 1811 1795 λίμνας

127 1809 220 1864 καὶ
267 1806 547 1879 ποταμοὺς
594 1808 688 1863 καὶ
736 1807 946 1881 κρήνας
998 1818 1166 1864 ποιεῖ·
1213 1810 1477 1866 ἐντεῦθεν
1534 1811 1596 1868 δὲ
1640 1811 1810 1867 πάλιν

130 1897 373 1969 δυόμενα
410 1896 547 1953 κατὰ
586 1900 683 1969 τῆς
726 1900 851 1968 γῆς,
897 1895 963 1952 τὰ
1010 1896 1111 1968 μὲν
1146 1903 1153 1965 Ι
1186 1899 1556 1971 μακροτέρους
1599 1899 1859 1966 τόπουςΙ)

129 1984 495 2058 περιελθόντα
531 1985 625 2040 καὶ
662 1989 901 2056 πλείους,
938 1986 1005 2041 τὰ
1046 1985 1108 2042 δὲ
1140 1986 1397 2053 ἐλάττους
1425 1988 1518 2043 καὶ
1549 1989 1809 2061 βραχυτέ-

131 2096 281 2146 ρους,
320 2075 487 2128 πάλιν
526 2076 603 2139 εἰς
639 2072 741 2129 τὸν
785 2073 1073 2146 Τάρταρον
1113 2074 1387 2146 ἐμβάλλει,
1427 2074 1494 2130 τὰ
1526 2075 1628 2146 μὲν
1666 2074 1810 2131 πολὺ

131 2162 414 2234 κατωτέρω
453 2157 488 2232 ἢ
529 2163 862 2233 ἐπηντλεῖτο,
899 2161 967 2216 τὰ
1008 2162 1070 2218 δὲ
1101 2161 1317 2234 ὀλίγον·
1355 2162 1537 2219 πάντα
1578 2163 1638 2219 δὲ
1674 2161 1810 2219 ὑπο-

130 2248 277 2305 κάτω
316 2252 491 2321 εἰσρεῖ
524 2252 621 2320 τῆς
668 2251 875 2321 ἐκροῆς.
950 2249 1042 2305 καὶ
1089 2253 1210 2305 ἔνια
1255 2250 1357 2322 μὲν
1402 2250 1734 2325 καταντικρὺ
1773 2244 1811 2323 ᾗ

131 2340 306 2411 εἰσρεῖ
341 2338 606 2408 ἐξέπεσεν,
647 2341 767 2393 ἔνια
807 2337 868 2393 δὲ
905 2337 1041 2392 κατὰ
1090 2336 1153 2394 τὸ
1193 2336 1329 2394 αὐτὸ
1371 2340 1556 2411 μέρος·
1596 2344 1709 2396 ἔστι
1748 2340 1811 2396 δὲ

131 2423 166 2481 ἃ
220 2425 570 2481 παντάπασιν
629 2425 812 2499 κύκλῳ
875 2425 1266 2499 περιελθόντα,
1330 2423 1363 2499 ἢ
1427 2425 1569 2494 ἅπαξ
1630 2425 1663 2499 ἢ
1717 2429 1810 2483 καὶ

132 2513 423 2580 πλεονάκις
451 2514 867 2586 περιελιχθέντα
897 2514 1022 2586 περὶ
1053 2512 1156 2586 τὴν
1187 2518 1294 2586 γῆν
1327 2514 1510 2589 ὥσπερ
1544 2517 1602 2572 oc
1637 2514 1810 2586 ὄφεις,

133 2604 212 2666 εἰς
233 2600 295 2656 τὸ
322 2599 564 2656 δυνατὸν
587 2600 733 2657 κάτω
764 2604 1008 2658 καθέντα
1039 2601 1207 2657 πάλιν
1240 2602 1511 2674 ἐμβάλλει.
1566 2605 1809 2659 δυνατὸν

134 2689 199 2744 δέ
235 2690 382 2744 ἐστιν
417 2694 424 2754 Ι
458 2687 755 2759 ἑκατέρωσε
794 2689 950 2761 μέχρι
987 2692 1088 2745 τοῦ
1128 2690 1300 2761 μέσου
1336 2691 1620 2762 καθιέναι,
1668 2691 1861 2763 πέραΕ

133 2776 184 2832 δ’
231 2774 320 2832 οὔ·
360 2774 591 2842 ἄναντες
627 2775 733 2847 γὰρ
767 2775 1097 2850 ἀμφοτέροις
1127 2788 1243 2843 τοῖς
1274 2778 1507 2850 ῥεύμασι
1538 2776 1599 2833 τὸ
1634 2778 1807 2835 ἑκατέ-

132 2872 318 2935 ρωθεν
355 2867 599 2935 γίγνεται
637 2865 813 2935 μέρος.
