2020 3198
271 172 338 225 16
939 172 1287 216 ΠΛΑΤΩΝΟΣ

414 297 556 341 ΕΤΘ.
603 293 735 345 Ναί.

414 386 510 433 ΣΩ.
579 370 714 451 Ἆρα
775 375 869 433 διὰ
929 381 1121 447 τοῦτο,
1185 376 1270 433 ὅτι
1329 375 1490 434 ὅσιόν
1553 380 1726 450 ἐστιν,
1781 376 1816 451 ἢ
1873 379 1947 436 δι’

268 465 403 522 ἄλλο
443 488 521 534 τις

413 562 556 608 ΕΤΘ.
607 553 750 626 Οὔκ,
791 553 931 610 ἀλλὰ
973 554 1066 610 διὰ
1106 558 1286 611 τοῦτο.

413 652 510 697 ΣΩ.
566 642 730 699 Διότι
778 641 888 716 ἄρα
939 641 1100 699 ὅσιόν
1149 646 1323 714 ἐστιν,
1373 649 1639 716 φιλεῖται,
1686 642 1806 700 ἀλλ’
1851 644 1952 718 οὐχ

267 730 353 787 ὅτι
392 738 656 804 φιλεῖται,
697 730 790 787 διὰ
829 735 993 788 τοῦτο
1035 730 1196 788 ὅσιόν
1236 735 1413 799 ἐστιν;

413 828 554 874 ΕΤΘ.
587 819 825 876 ’Έοικεν.

414 918 509 961 Σῼ.
558 907 721 963 Ἀλλά
770 908 872 980 μὲν
927 907 995 980 δὴ
1045 908 1190 964 διότι
1235 930 1298 980 γε
1344 915 1584 981 φιλεῖται
1631 907 1742 967 ὑπὸ
1780 914 1952 982 θεῶν,

266 996 613 1068 φιλούμενόν
654 999 767 1052 ε’στι
804 998 897 1052 καὶ
927 998 1205 1068 θεοφιλές.

414 1092 557 1137 ΕΤΘ.
605 1087 740 1149 Πῶς
777 1083 883 1157 γὰρ
927 1083 1023 1152 οὔ;

413 1181 509 1226 ΣΩ.
560 1171 677 1228 Οὐκ
715 1172 824 1246 ἄρα
862 1172 925 1230 τὸ
964 1174 1228 1246 θεοφιλὲς
1269 1174 1428 1231 ὅσιόν
1468 1176 1641 1247 ἐστιν,
1682 1169 1725 1232 ὦ
1763 1173 1954 1232 Εὐθύ-

265 1283 440 1334 φρον,
493 1259 628 1317 οὐδὲ·
681 1262 742 1318 τὸ
802 1260 962 1318 ὅσιον
1015 1263 1306 1334 θεοφιλές,
1355 1261 1429 1329 ὡς
1475 1262 1546 1320 σὺ
1592 1265 1789 1336 λέγεις,
1829 1260 1950 1319 ἄλλ’

266 1351 456 1422 ἕτερον
494 1352 661 1406 τοῦτο
700 1349 921 1406 τούτου.

219 1445 257 1490 E
420 1445 562 1491 ΕΤΘ.
610 1441 744 1503 Πῶς
783 1437 879 1509 δή,
921 1431 965 1494 ὦ
994 1438 999 1512 Ι
1027 1438 1352 1511 Σώκρατεςς

413 1534 509 1579 ΣΩ.
550 1524 666 1581 Ὅτι
722 1523 1108 1597 ὁμολογοῦμεν
1162 1525 1223 1582 τὸ
1281 1526 1381 1598 μὲν
1438 1526 1596 1584 ὅσιον
1644 1527 1737 1584 διὰ
1789 1532 1952 1585 τοῦτο

267 1621 580 1687 φιλεῖσθαι,
629 1612 714 1670 ὅτι
761 1612 923 1669 ὅσιόν
972 1616 1145 1685 ἐστιν,
1201 1612 1323 1670 ἀλλ’
1385 1613 1454 1671 οὐ
1508 1614 1653 1672 διότι
1697 1622 1953 1688 φιλεῖται,

268 1701 428 1759 ὅσιον
468 1701 634 1758 εἶναι·
673 1696 708 1773 ἧ
748 1702 881 1773 γάρ;

413 1798 554 1844 ΕΤΘ.
608 1794 740 1846 Ναί.

413 1880 562 1934 ΧΙΙΙ.
637 1887 732 1929 ΣΩ.
801 1877 876 1934 Τὸ
906 1875 978 1934 ’δε
1019 1900 1084 1949 γε
1131 1878 1394 1949 θεοφιλὲς
1442 1879 1527 1935 ὅτι
1565 1887 1804 1952 φιλεῖται
1842 1879 1952 1938 ὑπὸ

268 1970 447 2037 θεῶν,
489 1966 639 2040 αὐτῷ
678 1965 855 2042 τούτῳ
895 1970 971 2042 τῷ
1006 1973 1295 2038 φιλεῖσθαι
1326 1967 1590 2038 θεοφιλὲς
1627 1965 1789 2041 εἶναι,
1828 1966 1950 2026 ἀλλ’

270 2053 372 2126 οὐχ
412 2053 497 2110 ὅτι
534 2055 816 2126 θεοφιλές,
858 2053 951 2110 διὰ
992 2059 1157 2111 τοῦτο
1199 2061 1504 2127 φιλεῖσθαι.

415 2151 556 2194 ΕΤΘ.
607 2141 815 2213 Ἀληθῆ
856 2143 1047 2213 λέγεις.

416 2239 512 2281 ΣΩ.
563 2229 707 2284 Ἀλλ’
760 2237 814 2285 εἴ
854 2253 917 2301 γε
964 2229 1170 2286 ταύτὸν
1217 2225 1314 2302 ἦν,
1367 2225 1410 2287 ὦ
1451 2237 1578 2303 φίλε
1616 2232 1954 2306 Εὐθύφρον,

269 2319 331 2374 τὸ
370 2317 633 2388 θεοφιλὲς
670 2318 762 2372 καὶ
800 2317 862 2373 τὸ
906 2316 1095 2387 ὅσιον,
1143 2322 1193 2374 εἰ
1229 2318 1331 2389 μὲν
1371 2319 1464 2374 διὰ
1503 2318 1564 2376 τὸ
1613 2319 1772 2376 ὅσιον
1812 2319 1955 2377 εἶναι

200 2419 251 2458 11
272 2407 511 2476 ἐφιλεῖτο
543 2404 604 2460 τὸ
641 2403 824 2475 ὅσιον,
863 2405 956 2460 καὶ
989 2404 1080 2461 διὰ
1111 2403 1173 2461 τὸ
1205 2406 1467 2477 θεοφιλὲς
1507 2404 1651 2463 εἶναι
1678 2408 1684 2482 Ι
1714 2410 1954 2478 ἐφιλεῖτο
2016 2481 2019 2484 .

271 2491 344 2548 ἂν
382 2492 444 2548 τὸ
485 2495 772 2564 θεοφιλές,
814 2496 864 2549 εἰ
902 2492 964 2549 δὲ
1005 2492 1097 2548 διὰ
1135 2492 1198 2548 τὸ
1239 2500 1529 2564 φιλεῖσθαι
1558 2492 1666 2550 ὑπὸ
1705 2499 1861 2552 θεῶν
1891 2494 1953 2552 τὸ

270 2580 534 2652 θεοφιλὲς
571 2579 834 2652 θεοφιλὲς
871 2573 969 2651 ἦν,
1008 2580 1100 2635 καὶ
1139 2578 1201 2636 τὸ
1244 2579 1404 2636 ὅσιον
1443 2579 1515 2637 ἂν
1556 2581 1649 2638 διὰ
1687 2581 1749 2638 τὸ
1783 2590 1956 2654 φιλεῖ-

272 2676 408 2724 σθαι
449 2666 608 2724 ὅσιον
645 2662 743 2739 ἦν·
783 2670 892 2724 νῦν
925 2668 987 2723 δὲ
1021 2665 1182 2740 ὁρᾷς,
1223 2667 1307 2724 ὅτι
1333 2671 1595 2735 ἐναντίως
1634 2673 1844 2742 ἔχετον,
1883 2669 1958 2736 ὥς

272 2758 620 2812 παντάπασιν
676 2756 841 2828 ἑτέρω
901 2754 1027 2811 ὅντε
1081 2753 1358 2827 ἀλλήλων.
1413 2755 1474 2812 τὸ
1529 2757 1630 2827 μὲν
1683 2756 1816 2829 γάρ,
1873 2755 1957 2813 ὅτι

274 2851 539 2916 φιλεῖται,
579 2843 728 2898 ἐστὶν
769 2838 892 2898 οἷον
932 2850 1243 2913 φιλεῖσθαι·
1289 2841 1352 2899 τὸ
1395 2842 1450 2899 δ’
1505 2843 1590 2900 ὅτι
1638 2844 1786 2900 ἐστὶν
1835 2839 1959 2901 οἷον
1995 2851 1997 2854 ⁴
