2020 3198
34 44 40 52 ι

0 0 59 269 ἶ

0 308 4 324 Χ

768 153 1120 198 ΕΤΘΤΦΡΩΝ.
1715 156 1743 203 1
1756 156 1781 203 l

253 276 351 322 ΣΩ.
413 268 599 326 Ταύτὰ
648 269 714 325 δέ
762 291 850 340 γε,
906 267 981 335 ὥς
1035 270 1104 325 σὺ
1161 270 1297 342 φῄς,
1347 272 1405 326 οἱ
1447 292 1547 340 μεν
1599 273 1786 325 δίκαια

0 388 38 436 1ss
105 354 397 428 ἡγοῦνται,
454 360 513 413 οἱ
563 357 625 414 δε
670 356 857 413 α’δικα·
912 358 1036 429 περὶ
1086 355 1122 413 δι’
1169 359 1261 414 καὶ
1308 357 1786 463 ἀμφισβητοῦντες

0 625 11 669 ’ἡ

109 445 496 518 Ιστασιάζουσί
534 466 592 502 τε
644 445 737 500 καὶ
781 449 1122 517 πολεμοῦσιν
1181 445 1461 518 ἀλλήλοις
1515 439 1624 518 ἀρα
1681 443 1826 516 ουχ8

107 531 278 600 οῦτω;

251 628 392 672 ΕΤΘ.
452 620 625 677 Οὕτω.

252 717 336 759 Σῼ
418 714 467 763 Τ
505 707 534 726 5!
571 707 584 727 2
651 707 680 726 n
855 708 870 728 e
983 713 993 729 ι
1345 720 1367 732 ,υ
1522 707 1536 728 e
1596 707 1609 726 x
1723 712 1746 722 κ

339 751 348 760 .
463 730 565 764 αυτ
643 731 777 783 αρα,
833 732 907 775 ως
961 713 1165 779 ἐοικεν,
1217 725 1454 780 μισειται
1508 729 1616 765 υπο
1670 730 1784 764 των

103 799 258 853 θεῶν
295 796 389 852 καὶ
427 803 691 868 φιλεῖται,
730 797 823 852 καὶ
852 802 1090 869 θεομισῆ
1122 820 1179 854 τε
1216 798 1308 853 καὶ
1346 801 1588 868 θεοφιλῆ
1628 794 1779 852 ταῦτ’

104 881 177 940 ἂν
216 890 315 955 εἴη.

250 980 393 1025 ΕΤΘ.
439 971 672 1030 ’Έοικεν.

252 1069 347 1114 ΣΩ.
401 1062 516 1117 Καὶ
563 1060 690 1117 ὅσια
735 1061 843 1134 ἄρα
888 1063 980 1117 καὶ
1027 1061 1230 1118 ἀνόσια
1274 1061 1341 1118 τὰ
1389 1060 1528 1118 αὐτὰ
1569 1059 1641 1118 ἂν
1681 1069 1783 1133 εἴη,

105 1143 150 1205 ὦ
189 1148 534 1223 Εὐθύφρον,
573 1150 750 1225 τούτῳ
790 1154 866 1226 τῷ
907 1151 1068 1226 λόγῳ.

251 1245 391 1290 ΕΤΘ.
458 1237 810 1293 Κινδυνεύει.

252 1326 343 1381 ΙΧ.
419 1333 515 1376 ΣΩ.
574 1323 692 1380 Οὐκ
739 1323 847 1397 ἄρα
887 1322 917 1380 3
957 1323 1176 1397 ἠρόμην
1216 1324 1521 1398 ἀπεκρίνω,
1562 1320 1605 1383 ὦ
1645 1335 1786 1382 θαυ-

105 1412 287 1484 μάσιε.
342 1410 411 1469 οὐ
447 1411 555 1485 γὰρ
601 1412 768 1469 τοῦτό
814 1435 876 1484 γε
913 1411 1171 1486 ἠρώτων,
1212 1411 1243 1468 3
1282 1413 1541 1485 τυγχάνει
1579 1412 1785 1470 ταύτὸν

106 1498 174 1558 ὂν
223 1499 383 1556 ὅσιόν
428 1520 487 1555 τε
531 1500 623 1555 καὶ
670 1499 926 1556 ἀνόσιον·
975 1498 1006 1557 3
1054 1500 1106 1557 δ’
1158 1498 1231 1557 ἂν
1275 1502 1541 1573 θεοφιλὲς
1585 1495 1647 1574 ᾗ,
1694 1502 1786 1557 καὶ

104 1589 364 1660 θεομισές
401 1591 579 1659 ἐστιν,
618 1586 692 1654 ὡς
729 1592 930 1645 ἔοικεν.
971 1588 1134 1660 ὥστε,
1175 1583 1219 1646 ὦ
1258 1589 1603 1661 Εὐθύφρον,
1645 1586 1675 1645 3
1716 1589 1786 1645 σὺ

106 1679 214 1732 νῦν
259 1687 436 1742 ποιεῖς
479 1675 579 1732 τὸν
605 1676 612 1750 Ι
639 1677 844 1748 πατέρα
897 1676 1171 1747 κολάζων,
1220 1675 1390 1733 οὐδὲν
1434 1677 1837 1749 θαυμαστόν,Β

106 1767 157 1819 εἰ
191 1767 356 1820 τοῦτο
397 1767 548 1835 δρῶν
594 1767 668 1839 τῷ
717 1764 818 1835 μὲν
865 1764 965 1819 Διὶ
1010 1764 1313 1836 προσφιλὲς
1357 1776 1556 1836 ποιεῖς,
1602 1769 1677 1841 τῷ
1726 1766 1789 1821 δὲ

105 1851 311 1927 Κρόνῳ
350 1852 443 1906 καὶ
480 1855 555 1927 τῷ
592 1850 829 1925 Οὐρανῷ
864 1852 1100 1925 ἐχθρόν,
1139 1852 1231 1907 καὶ
1261 1856 1336 1928 τῷ
1371 1853 1472 1923 μὲν
1504 1852 1785 1928 Ἡφαίστῳ

16 1911 22 1971 ¹·
107 1943 301 2010 φίλον,
338 1943 405 2013 τῇ
445 1938 669 2012 δὲ’Ήρα
702 1939 932 2012 ἐχθρόν·
970 1941 1062 1994 καὶ
1101 1946 1157 1995 εἴ
1180 1960 1262 2006 τις
1293 1939 1460 2006 ἄλλος
1490 1945 1601 1996 τῶν
1633 1945 1786 1997 θεῶν

107 2027 288 2100 ἕτερος
319 2026 483 2101 ἑτέρῳ
517 2029 834 2099 διαφέρεται
865 2028 989 2100 περὶ
1021 2027 1220 2098 αὐτοῦ,
1259 2027 1352 2082 καὶ
1391 2029 1622 2094 ἐκείνοις
1650 2027 1786 2084 κατὰ

107 2113 173 2169 τὰ
214 2112 370 2170 αὐτά.

253 2210 393 2255 ΕΤΘ.
460 2200 603 2257 Ἀλλ’
655 2200 829 2274 οἶμαι,
869 2196 913 2259 ὦ
955 2203 1273 2275 Σώκρατες,
1323 2209 1454 2277 περί
1487 2226 1549 2276 γε
1586 2203 1788 2260 τούτου

107 2293 220 2346 τῶν
242 2293 397 2346 θεῶν
430 2288 634 2346 οὐδένα
666 2291 854 2363 ἕτερον
879 2291 1043 2366 ἑτέρῳ
1078 2293 1464 2364 διαφέρεσθαι,
1497 2290 1572 2358 ὥς
1604 2290 1671 2347 οὐ
1705 2295 1793 2347 δεῖ

109 2381 270 2449 δίκην
311 2377 533 2434 διδόναι
573 2380 812 2448 ἐκεῖνον,
860 2375 922 2443 ὃς
961 2374 1033 2434 ἂν
1073 2377 1278 2444 ἀδίκως
1314 2378 1438 2435 τινὰ
1480 2378 1788 2451 ἀποκτείνῃ.

262 2474 358 2518 ΣΩ.
425 2470 495 2520 Τί
529 2466 615 2533 δέ;
655 2464 1001 2539 ἀνθρώπων,
1042 2459 1087 2522 ὦ
1127 2464 1467 2538 Εὐθύφρον,
1499 2466 1607 2538 ἤδη
1639 2466 1790 2532 τινὸς

109 2551 349 2623 ’ἤκουσας
373 2550 871 2624 ἀμφισβητοῦντος,
897 2551 970 2618 ὡς
992 2551 1091 2609 τὸν
1116 2551 1321 2619 ἀδίκως
1355 2554 1361 2628 Ι
1389 2553 1788 2610 ἀποκτείναντα
1807 2560 1839 2604 C

109 2637 143 2710 ἢ
176 2639 312 2696 ἄλλο
344 2639 549 2706 ἀδίκως
579 2644 852 2697 ποιοῦντα
893 2638 1083 2696 ὁτιοῦν
1124 2639 1191 2696 οὐ
1225 2644 1313 2697 δεῖ
1342 2645 1503 2712 δίκην
1537 2641 1787 2706 διδόναι;

257 2734 398 2778 ΕΤΘ.
457 2726 640 2783 Οὐδὲν
690 2728 791 2799 μὲν
839 2720 942 2783 οὖν
988 2727 1261 2783 παύονται
1306 2733 1476 2785 ταῦτα
1515 2727 1789 2800 ἀμφισβη-

109 2818 335 2881 τοῦντες
372 2814 464 2869 καὶ
504 2813 707 2870 ἄλλοθι
737 2815 829 2870 καὶ
869 2817 928 2871 ἐν
959 2826 1075 2880 τοῖς
1106 2819 1492 2887 δικαστηρίοις.
1533 2814 1789 2871 ἀδικοῦν-
