2020 3198
241 167 313 220 60
911 170 1248 214 ΠΛΑΤῼΝΟΣ

236 287 459 340 ἔσονται
481 284 627 357 ὑμᾶς
650 287 710 342 oc
730 286 1058 357 ἐλέγχοντες,
1084 284 1181 353 οὓς
1203 290 1311 343 νῦν
1336 288 1442 358 ἐγῶ
1467 297 1738 360 κατεῖχον,
1759 285 1914 360 ὑμεῖς

175 381 215 425 D
235 370 242 444 Ι
264 371 326 427 δὲ
357 370 461 427 οὐκ
489 370 837 446 ᾐσθάνεσθε·
873 374 966 429 καὶ
995 374 1362 447 χαλεπώτεροι
1393 378 1615 431 ἔσονται
1645 373 1759 451 ὅσῳ
1782 375 1915 432 νεῶ-

232 463 390 532 τεροί
402 463 564 532 εἰσιν,
579 461 673 517 καὶ
690 459 848 533 ὑμεῖς
863 466 1076 533 μᾶλλον
1093 460 1513 534 ἀγανακτήσετε.
1537 466 1588 518 εί
1601 461 1708 535 γὰρ
1727 469 1915 520 οἴεσθε
2014 465 2020 479 ¹

234 545 653 616 ἀποκτείνοντες
705 548 1044 623 ἀνθρώπους
1105 550 1420 623 ἐπισχήσειν
1471 553 1573 607 τοῦ
1628 550 1916 620 ὀνειδίζειν
2011 578 2020 622 5

234 634 362 691 τινὰ
400 634 537 708 ὑμῖν
570 635 655 693 ὅτι
688 635 790 694 οὐκ
822 637 1010 711 ὀρθῶς
1042 642 1187 710 ζῆτε,
1221 639 1325 696 οὐκ
1356 638 1544 712 ὀρθῶς
1576 643 1917 696 διανοεῖσθε·

234 722 304 779 οὐ
348 724 456 798 γὰρ
511 723 636 781 ἔσθ’
695 724 835 797 αῦτη
888 724 923 797 ἡ
978 724 1266 799 ἀπαλλαγὴ
1323 726 1452 784 οὔτε
1502 727 1653 784 πάνυ
1706 727 1915 800 δυνατὴ

235 808 364 868 οὔτε
400 813 568 885 καλή,
614 811 736 869 ἀλλ’
787 816 967 887 ἐκείνη
1013 815 1106 871 καὶ
1150 819 1411 887 καλλίστη
1455 815 1550 871 καὶ
1595 814 1795 889 ῥᾴστη,
1841 814 1915 888 μὴ
1967 807 1976 811 -

232 898 365 966 τοὺς
417 899 622 968 ἄλλους
680 901 965 973 κολούειν,
1025 900 1146 958 ἀλλ’
1211 903 1413 960 ἑαυτὸν
1465 902 1913 977 παρασκευάζειν,

234 984 384 1053 ὅπως
430 992 583 1044 ἔσται
629 987 705 1056 ῶς
749 991 1042 1061 βέλτιστος.
1117 995 1290 1048 ταῦτα
1336 991 1437 1063 μὲν
1486 985 1589 1048 οὖν
1627 989 1762 1063 ὑμῖν
1800 1002 1916 1056 τοῖς

175 1078 780 1148 Εκαταψηφισαμένοις
817 1078 1261 1151 μαντευσάμενος
1293 1082 1301 1151 Ι
1335 1078 1761 1151 ἀπαλλάττομαι.

381 1165 577 1220 XXXI.
622 1171 752 1232 Τοῖς
783 1166 846 1222 δὲ
877 1165 1397 1239 ἀποψηφισαμένοις
1426 1166 1604 1240 ἡδέως
1634 1164 1706 1224 ἂν
1738 1170 1913 1224 διαλε-

232 1256 431 1324 χθείην
468 1251 607 1327 ὑπὲρ
645 1257 747 1310 τοῦ
783 1254 1081 1326 γεγονότος
1115 1259 1343 1312 τουτουῒ
1376 1255 1717 1328 πράγματος,
1763 1257 1825 1312 ἐν
1871 1247 1915 1329 ᾧ

235 1341 293 1395 oc
335 1339 596 1413 ἄρχοντες
649 1340 916 1414 ἀσχολίαν
971 1341 1172 1414 ἄγουσι
1222 1342 1316 1399 καὶ
1370 1342 1524 1400 οὔπω
1578 1348 1805 1417 ἔρχομαι
1861 1337 1917 1398 οἶ

234 1428 475 1485 ἐλθόντα
513 1451 579 1501 με
619 1433 708 1485 δεῖ
739 1429 1026 1486 τεθνάναι.
1065 1429 1204 1486 ἀλλά
1245 1453 1363 1501 μοι,
1403 1421 1446 1488 ῶ
1488 1431 1706 1504 ἄνδρες,
1743 1450 1912 1506 παρα-

232 1521 453 1587 μείνατε
490 1520 761 1574 τοσοῦτον
799 1518 1030 1591 χρόνον·
1071 1517 1240 1575 οὐδὲν
1271 1518 1379 1592 γὰρ
1410 1519 1612 1575 κωλύει
1644 1508 1916 1591 διαμυθο-

233 1609 467 1677 λογῆσαι
522 1604 661 1679 πρὸς
709 1604 1010 1678 ἀλλήλους,
1066 1607 1168 1673 ἕως
1217 1608 1440 1674 ἔξεστιν.
1493 1605 1629 1678 ὑμῖν
1682 1606 1790 1679 γὰρ
1841 1605 1916 1673 ῶς

161 1693 242 1767 401
264 1698 449 1765 φίλοις
481 1689 642 1751 οὖσιν
675 1695 940 1761 ἐπιδεῖξαι
971 1696 1147 1752 ἐθέλω
1178 1694 1239 1751 τὸ
1272 1699 1409 1750 νυνί
1441 1716 1537 1766 μοι
1576 1693 1916 1766 ξυμβεβηκός

231 1786 290 1838 τί
321 1800 453 1838 ποτε
489 1793 623 1839 νοεῖ.
686 1782 807 1854 ἐμοὶ
851 1782 986 1855 γάρ,
1034 1777 1077 1839 ῶ
1123 1780 1324 1856 ἄνδρες
1370 1786 1628 1838 δικασταί
1665 1816 1729 1824 —-
1770 1781 1916 1855 ὑμᾶς

231 1868 341 1943 γὰρ
381 1870 642 1936 δικαστὰς
678 1874 864 1927 καλῶν
904 1869 1093 1944 ὀρθῶς
1130 1867 1202 1927 ἂν
1239 1877 1471 1942 καλοίην
1495 1903 1569 1912 -
1590 1870 1913 1943 θαυμάσιόν
2006 1901 2020 1948 ff

231 1979 285 2013 τι
322 1959 567 2030 γέγονεν.
605 1958 640 2031 ἡ
679 1958 787 2032 γὰρ
827 1958 1064 2015 εἰωθυῖά
1103 1981 1198 2031 μοι
1236 1957 1469 2030 μαντικὴ
1509 1957 1544 2031 ἡ
1582 1962 1683 2015 τοῦ
1723 1962 1913 2030 δαιμο-

232 2050 360 2102 νίου
385 2049 445 2102 ἐν
469 2048 570 2118 μὲν
593 2050 668 2123 τῷ
693 2046 944 2120 πρόσθεν
969 2047 1152 2123 χρόνῳ
1170 2047 1334 2104 παντὶ
1356 2046 1506 2104 πάνυ
1528 2044 1710 2118 πυκνὴ
1734 2046 1819 2102 ἀεὶ
1840 2040 1912 2118 ἦν

231 2133 325 2188 καὶ
362 2134 512 2190 πάνυ
544 2136 631 2191 ἐπὶ
664 2146 914 2208 σμικροῖς
946 2137 1361 2207 ἐναντιουμένη,
1393 2142 1449 2191 εἴ
1471 2158 1524 2192 τι
1555 2136 1807 2207 μέλλοιμι
1837 2132 1911 2205 μὴ

234 2219 424 2294 ὀρθῶς
469 2222 720 2295 πράξειν·
767 2224 898 2279 νυνὶ
945 2223 1007 2279 δὲ
1054 2224 1359 2295 ξυμβέβηκέ
1400 2243 1518 2295 μοι,
1563 2221 1702 2294 ἅπερ
1749 2220 1913 2294 ὁρᾶτε

234 2308 327 2364 καὶ
367 2305 555 2379 αὐτοί,
592 2309 750 2365 ταυτὶ
782 2307 818 2364 ἅ
847 2332 910 2380 γε
943 2309 1013 2380 δὴ
1047 2313 1267 2380 οἰηθείη
1301 2308 1373 2365 ἄν
1402 2331 1485 2375 τις
1513 2309 1606 2364 καὶ
1635 2314 1911 2381 νομίζεται
2006 2339 2007 2342 ¹

178 2403 215 2447 B
233 2399 431 2468 ἔσχατα
454 2398 640 2452 κακῶν
665 2394 824 2452 εἶναι.
856 2397 977 2467 ἐμοὶ
1003 2396 1065 2452 δὲ
1089 2395 1215 2452 οὔτε
1240 2397 1439 2463 ἐξιόντι
1456 2398 1636 2452 ἕωθεν
1654 2396 1663 2470 Ι
1683 2403 1911 2453 οἴκοθεν
1999 2388 2002 2391 ’

232 2481 560 2555 ἠναντιώθη
614 2483 677 2540 τό
732 2486 833 2540 τοῦ
885 2487 1027 2540 θεοῦ
1078 2495 1335 2556 σημεῖον,
1388 2484 1516 2540 οὕτε
1567 2482 1734 2556 ἡνίκα
1788 2483 1910 2540 ἀνέ-

230 2575 431 2642 βαινον
464 2572 733 2627 ἐνταυθοῖ
760 2571 847 2627 ἐπὶ
875 2569 939 2626 τὸ
974 2570 1356 2643 δικαστήριον,
1396 2569 1526 2627 οὔτε
1556 2573 1617 2627 ἐν
1654 2575 1729 2648 τῷ
1760 2572 1909 2645 λόγῳ

233 2657 489 2730 οὐδαμοῦ
540 2660 803 2730 μέλλοντί
842 2679 896 2713 τι
942 2660 1111 2728 ἐρεῖν·
1155 2663 1337 2714 καίτοι
1383 2660 1443 2714 ἐν
1489 2657 1679 2725 ἄλλοις
1722 2660 1911 2732 λόγοις

230 2750 511 2819 πολλαχοῦ
537 2746 607 2818 δή
633 2769 699 2818 με
724 2747 911 2818 ἐπέσχε
934 2747 1166 2817 λέγοντα
1189 2745 1410 2817 μεταξύ·
1435 2750 1544 2802 νῦν
1569 2747 1631 2804 δὲ
1655 2746 1908 2820 οὐδαμοῦ

231 2835 357 2908 περὶ
396 2832 572 2906 αὐτὴν
610 2833 713 2905 τὴν
759 2835 961 2906 πρᾶξιν
1003 2832 1119 2889 οὔτ’
1172 2836 1232 2889 ἐν
1273 2838 1413 2909 ἔργῳ
1455 2832 1645 2891 οὐδενὶ
1687 2834 1805 2892 οὔτ’
1848 2837 1908 2891 ἐν
1991 2824 2001 2838 ⁵
