2020 3198
241 187 348 241 140
915 189 1251 233 ΠΛΑΤῼΝΟΣ
1972 0 2020 311 1

237 310 424 378 ἔμοιγε
463 306 647 363 δοκεῖ.’
724 304 848 362 ὀὐκ
886 304 1018 377 ἄρα,
1059 300 1101 362 ῶ
1142 305 1358 378 ἄριστε,
1395 303 1531 378 ἡμῖν
1571 304 1790 380 οὐδαμῇ
1827 328 1922 364 κοι-
2010 312 2020 384 1

236 396 346 459 λῶς
386 398 493 466 ἔχει
532 393 720 466 ψυχὴν
759 392 1035 465 ἁρμονίαν
1073 393 1198 450 τινὰ
1237 393 1413 465 φάναι
1452 392 1618 450 εἶναι·
1657 393 1785 451 οὔτε
1814 395 1922 468 γὰρ

163 501 219 542 95
238 480 328 552 ἅν,
369 480 443 546 ῶς
481 486 678 551 ἔοικεν,
713 480 962 556 ΙὉμήρῳ
994 485 1133 554 θείῳ
1164 484 1362 554 ποιητῇ
1397 481 1763 554 ὁμολογοῖμεν
1796 483 1923 540 οὔτε

237 567 395 625 αὐτοὶ
435 568 571 641 ἡμῖν
609 568 830 636 αὐτοῖς’
910 574 1054 641 ἔχειν
1095 568 1269 635 οὕτως
1308 574 1430 641 ἔφη.
2017 640 2020 641 ⁷

383 659 574 714 XLIV.
639 654 794 714 “Εἶεν
836 656 945 729 δή,’
985 651 1019 730 ἦ
1061 656 1113 713 δ’
1159 656 1220 724 ὃς
1260 655 1289 714 ὁ
1331 657 1653 730 Σωκράτης,
1697 657 1782 716 ’τὰ
1821 660 1923 732 μὲν
1990 647 2020 728 ’Ξ

227 734 526 819 Ἁρμονίας
579 743 716 817 ἡμῖν
771 748 867 816 τῆς
923 749 1205 817 Θηβαΐκῆς
1257 745 1377 801 ἴλεά
1433 766 1572 817 πως,
1634 745 1708 812 ῶς
1761 751 1923 819 ἔοικε,
2013 754 2020 810 ξ

236 839 468 906 μετρίως
505 835 755 905 γέγονεν·
794 837 852 888 τί
888 834 950 889 δὲ
990 833 1059 905 δὴ
1099 835 1166 889 τὰ
1207 833 1492 905 Κάδμου,’
1542 839 1674 906 ἔφη,
1716 828 1779 891 ‘03
1818 837 1923 892 Ks'-

235 927 362 994 βης,
411 926 525 988 πῶς
566 921 877 993 ίλασόμεθα
915 921 1008 976 καὶ
1045 926 1156 977 τίνι
1194 921 1389 998 λόγῳ;’
1441 922 1533 978 εσύ
1572 944 1666 993 μοι
1705 927 1923 995 δοκεῖς,’

236 1015 344 1083 ἔφη
393 1009 422 1066 ὁ
473 1011 684 1081 Κέβης,
742 1011 1097 1082 (ἐξευρήσειν
1150 1010 1374 1066 τουτονὶ
1419 1013 1561 1082 γοῦν
1606 1009 1705 1067 τὸν
1751 1012 1921 1084 λόγον

234 1097 336 1155 τὸν
374 1096 512 1172 πρὸς
549 1096 653 1169 τὴν
688 1095 967 1170 ἁρμονίαν
998 1101 1335 1168 θαυμαστῶς
1366 1117 1465 1168 μοι·
1492 1095 1637 1164 εἶπες
1668 1097 1742 1165 ῶς
1775 1100 1922 1175 παρὰ
2016 1095 2020 1102 ¹

237 1185 424 1253 δόξαν.
475 1190 726 1257 Σιμμίου
756 1185 864 1258 γὰρ
897 1186 1174 1256 λε’γοντος,
1208 1183 1290 1241 ’ὄτι
1328 1183 1544 1257 ἠπόρει,
1575 1185 1726 1242 πάνυ
1757 1188 1922 1245 ἐθαύ-
2016 1212 2020 1218 ·

180 1280 434 1346 Βμαζον,
498 1280 553 1330 εἴ
596 1295 650 1330 τι
704 1275 810 1341 ἕξει
865 1295 946 1339 τις
999 1275 1315 1347 χρήσασθαι
1350 1276 1358 1344 Ι
1391 1277 1466 1349 τῶ
1524 1273 1673 1350 λόγῳ
1729 1273 1924 1332 αὐτοῦ·
2018 1282 2020 1289 ’

235 1362 387 1418 πάνυ
425 1361 527 1433 μὲν
569 1355 675 1418 οὖν
722 1385 816 1434 μοι
864 1361 1080 1428 ἀτόπως
1121 1363 1310 1429 ἔδοξεν
1350 1359 1524 1428 εὐθὺς
1561 1361 1663 1435 τὴν
1701 1363 1924 1436 πρῶτην

236 1454 448 1522 ἔφοδον
499 1449 566 1507 οὐ
614 1451 883 1518 δέξασθαι
928 1453 1030 1507 τοῦ
1077 1454 1181 1507 σοῦ
1231 1450 1418 1521 λόγου.
1495 1449 1668 1506 ταύτὰ
1710 1450 1780 1523 δὴ
1822 1449 1924 1508 οὐκ

235 1535 308 1594 ἄν
346 1537 703 1609 θαυμάσαιμι
740 1539 832 1593 καὶ
871 1537 972 1594 τὸν
1010 1541 1112 1594 τοῦ
1151 1538 1391 1609 Κάδμου
1431 1537 1603 1609 λόγον
1635 1542 1686 1595 εἰ
1713 1539 1924 1596 πάθοι.’

237 1621 303 1683 εῶ
345 1624 547 1697 ’γαθέ,’
595 1630 700 1697 ἔφη
751 1624 781 1682 ὁ
822 1624 1152 1697 Σωκράτης,
1202 1625 1292 1697 “μὴ
1344 1627 1481 1697 μέγα
1528 1626 1675 1698 λέγε,
1722 1626 1798 1699 μή
1844 1649 1925 1694 τις

235 1713 395 1787 ἡμῶν
442 1719 718 1786 βασκανία
768 1715 1064 1788 περιτρέψῃ
1120 1713 1220 1770 τὸν
1275 1715 1446 1785 λόγον
1499 1712 1600 1770 τὸν
1654 1716 1924 1785 μέλλοντα

233 1805 509 1875 λέγεσθαι.
586 1801 727 1859 ἀλλὰ
771 1802 839 1874 δὴ
879 1806 1054 1857 ταῦτα
1092 1802 1194 1873 μὲν
1231 1805 1307 1879 τῷ
1339 1805 1456 1878 θεῷ
1489 1801 1730 1873 μελήσει,
1768 1801 1924 1874 ἡμεῖς

235 1892 298 1949 δὲ
321 1891 625 1964 Ὁμηρικῶς
658 1890 820 1962 ἐγγὺς
852 1890 1030 1956 ἰόντες
1061 1889 1397 1963 πειρώμεθα,
1435 1893 1486 1945 εἰ
1515 1889 1623 1963 ἄρα
1653 1911 1706 1946 τι
1735 1891 1923 1962 λε’γεις.

235 1985 350 2037 ἔστι
391 1981 452 2036 δὲ
492 1979 562 2051 δὴ
603 1979 664 2035 τὸ
705 1979 1012 2051 κεφάλαιον
1054 1970 1134 2034 ῶν
1175 1983 1367 2049 ζητεῖς·
1407 1976 1581 2045 ἀξιοῖς
1613 1980 1923 2051 ἐπιδειχθῆ-

182 2081 328 2128 cvm
374 2066 533 2140 ἡμῶν
579 2067 682 2139 τὴν
728 2065 914 2139 ψυχὴν
962 2065 1292 2139 ἀνῶλεθρόν
1345 2088 1403 2123 τε
1447 2066 1541 2122 καὶ
1579 2068 1595 2138 Ῑ
1632 2065 1923 2123 ἀθάνατον

235 2150 431 2228 οὖσαν,
464 2160 515 2213 εἰ
546 2156 861 2229 φιλόσοφος
894 2154 1037 2227 ἀνὴρ
1070 2157 1285 2227 μέλλων
1319 2154 1752 2227 ἀποθανεῖσθαι,
1783 2163 1923 2230 θαρ-

233 2247 351 2315 ρῶν
404 2266 462 2301 τε
514 2245 606 2299 καὶ
667 2242 980 2315 ἡγούμενος
1042 2240 1352 2300 ἀποθανών
1407 2246 1521 2300 ε’κεῖ
1569 2237 1633 2300 εὖ
1695 2244 1923 2318 πράξειν

237 2332 618 2403 διαφερόντως
671 2329 705 2402 ἢ
756 2335 806 2387 εἰ
857 2333 917 2387 ἐν
965 2330 1113 2406 ἄλλῳ
1162 2336 1266 2406 βίῳ
1313 2331 1472 2401 βιοὺς
1519 2331 1793 2403 ἐτελεύτα,
1846 2331 1920 2404 μὴ

234 2418 483 2490 ἀνόητόν
521 2441 579 2474 τε
617 2419 709 2473 καὶ
741 2416 970 2488 ἠλίθιον
1002 2419 1219 2490 θάρρος
1249 2417 1538 2491 θαρρήσει.
1597 2417 1660 2475 τὸ
1696 2420 1758 2475 δὲ
1788 2418 1922 2476 ἀπο-

234 2511 484 2579 φαίνειν,
542 2504 627 2562 ὅτι
675 2506 906 2578 ἰσχυρόν
960 2510 1018 2561 τί
1061 2509 1209 2562 ἐστιν
1255 2504 1289 2577 ἡ
1341 2507 1488 2578 ψυχὴ
1535 2506 1628 2562 καὶ
1672 2507 1922 2574 θεοειδὲς

232 2597 324 2652 καὶ
363 2589 436 2665 ἦν
477 2599 556 2650 ἔτι
595 2594 885 2663 πρότερον,
925 2594 1058 2662 πρὶν
1092 2592 1237 2665 ἡμᾶς
1269 2593 1608 2664 ἀνθρώπους
1634 2596 1919 2666 γενέσθαι,

234 2684 402 2740 οὐδὲν
441 2684 678 2739 κωλύειν
726 2684 836 2755 φῂς
880 2683 1061 2737 πάντα
1107 2686 1278 2738 ταῦτα
1326 2684 1559 2754 μηνύειν
1600 2681 1919 2739 ἀθανασίαν

233 2772 334 2844 μὲν
382 2771 483 2843 μή,
541 2768 626 2826 ὅτι
680 2770 742 2825 δὲ
787 2768 1161 2842 πολυχρόνιόν
1214 2770 1276 2825 τέ
1321 2773 1468 2826 ἐστιν
1515 2770 1662 2842 ψυχὴ
1710 2772 1803 2827 καὶ
1847 2764 1920 2842 ἦν

231 2879 343 2916 που
382 2858 654 2932 πρότερον
695 2856 983 2929 ἀμήχανον
1024 2855 1161 2913 ὅσον
1196 2856 1404 2930 χρόνον
1441 2858 1534 2913 καὶ
1572 2856 1695 2930 ᾔδει
1733 2879 1791 2915 τε
1827 2858 1920 2914 καὶ
