2020 3198
206 165 311 216 110
873 168 1214 212 ΠΛΑΤΩΝΟΣ

200 278 344 337 εἶναι
383 276 508 338 οἷον
538 281 603 338 τὸ
635 289 787 355 ἴσον,
827 287 937 356 ἔχει
969 284 1032 341 δὲ
1062 287 1454 359 ἐνδεεστέρως.’
1516 287 1650 341 εἔστι
1678 286 1893 341 ταῦτα’

201 367 359 424 εἀλλὰ
408 369 522 441 μὴν
564 371 657 426 καὶ
705 371 836 428 τόδε
882 371 1292 445 ὁμολογοῦμεν,
1340 373 1414 446 μὴ
1464 373 1709 431 ἄλλοθεν
1749 371 1888 430 αὐτὸ

200 460 590 538 ἐννενοηκέναι
629 460 769 531 μηδὲ
808 460 1051 517 δυνατὸν
1091 459 1235 517 εἶναι
1267 464 1550 534 ἐννοῆσαι,
1588 460 1711 518 ἀλλ’
1753 458 1789 533 ἢ
1831 463 1892 517 ἐκ

199 549 301 603 τοῦ
349 551 493 603 ἰδεῖν
538 545 573 620 ἢ
621 547 878 617 ἅψασθαι
922 547 958 621 ἢ
1006 554 1066 605 ἔκ
1117 571 1268 616 τινος
1313 549 1485 622 ἄλλης
1528 554 1642 608 τῶν
1689 548 1888 621 αἰσθή-

201 650 367 690 σεων·
420 635 628 692 ταύτὸν
684 636 747 692 δὲ
798 636 979 693 πάντα
1031 641 1205 693 ταῦτα
1250 639 1426 709 λέγω.’
1506 636 1732 694 εταύτὸν
1779 636 1891 708 γάρ

202 723 378 794 ἐστιν,
426 717 470 778 ὦ
517 723 834 795 Σώκρατες,
887 724 1027 798 πρός
1070 747 1134 796 γε
1181 723 1212 781 3
1259 725 1519 796 βούλεται
1565 728 1812 797 δηλῶσαι
1858 722 1891 780 ὁ

200 809 400 881 λόγοςῖ
442 810 600 867 εἀλλὰ
642 812 744 883 μὲν
785 812 854 884 δὴ
896 817 955 868 ἔκ
985 834 1048 883 γε
1077 816 1190 869 τῶν
1223 812 1544 884 αἰσθήσεων
1581 816 1670 870 δεῖ
1696 814 1888 883 ἐννοῆ-

149 909 315 969 Βσαι,
355 897 440 955 ὅτι
477 900 658 956 πάντα
689 900 756 956 τὰ
789 904 849 958 ἐν
879 912 999 967 ταῖς
1030 901 1363 972 αἰσθήσεσιν
1396 903 1613 957 ἐκείνου
1642 923 1700 957 τε
1734 901 1741 975 Ι
1774 899 1888 972 ὀρέ-

200 1008 353 1058 γεται
389 991 491 1044 τοῦ
533 986 564 1045 3
605 994 755 1046 ἐστιν
796 997 946 1061 ἴσον,
992 991 1085 1046 καὶ
1134 989 1308 1046 αὐτοῦ
1355 989 1674 1062 ἐνδεέστεροί
1715 992 1888 1045 ἐστιν·

200 1071 236 1146 ἢ
290 1078 405 1142 πῶς
457 1078 737 1148 λε’γομεν;’
794 1076 1025 1144 (οὕτωςῖ
1112 1078 1237 1149 επρὸ
1292 1082 1394 1135 τοῦ
1449 1077 1557 1151 ἄρα
1609 1076 1889 1150 ἄρξασθαι

200 1161 344 1235 ἡμᾶς
383 1162 525 1238 ὁρᾶν
562 1167 655 1222 καὶ
694 1165 921 1223 ἀκούειν
959 1168 1052 1223 καὶ
1089 1162 1262 1223 τᾶλλα
1293 1165 1673 1223 αἰσθάνεσθαι
1703 1176 1890 1237 τυχεῖν

202 1255 316 1308 ἔδει
368 1271 478 1309 που
531 1254 828 1327 εἰληφότας
875 1255 1179 1327 ἐπιστήμην
1226 1254 1402 1312 αὐτοῦ
1447 1258 1550 1311 τοῦ
1597 1262 1748 1326 ἴσου,
1804 1252 1890 1310 ὅτι

204 1344 379 1412 ἔστιν,
426 1345 479 1398 εἰ
522 1343 819 1414 ἐμέλλομεν
864 1342 932 1398 τὰ
973 1346 1031 1400 ἐκ
1068 1347 1182 1400 τῶν
1222 1343 1544 1415 αἰσθήσεων
1585 1350 1679 1399 ἴσα
1717 1345 1890 1399 ἐκεῖσε

204 1427 479 1501 ἀνοίσειν,
536 1429 621 1487 ὅτι
674 1440 1044 1505 προθυμεῖται
1096 1432 1198 1503 μὲν
1251 1431 1430 1487 πάντα
1485 1429 1693 1488 τοιαῦτ’
1745 1428 1890 1487 εἶναι

204 1514 327 1575 οἷον
368 1521 571 1590 ἐκεῖνο,
620 1524 769 1575 ἔστιν
810 1519 872 1576 δὲ
912 1519 1088 1575 αὐτοῦ
1127 1521 1478 1593 φαυλότερα.’
1556 1519 1790 1592 “ἀνάγκη
1831 1521 1890 1576 ἐκ

202 1609 316 1662 τῶν
353 1609 798 1680 προειρημένων,
838 1600 883 1663 αἶ
922 1607 1250 1681 Σώκρατες’
1329 1607 1558 1664 “ούκοῦν
1596 1607 1890 1680 γενόμενοι

203 1692 379 1760 εὐθὺς
418 1694 677 1767 ἑωρῶμέν
713 1716 773 1751 τε
803 1696 896 1750 καὶ
926 1694 1206 1767 ἠκούομεν
1239 1695 1332 1751 καὶ
1362 1694 1461 1762 τὰς
1490 1694 1661 1762 ἄλλας
1691 1696 1889 1768 αἰσθή-

154 1791 319 1847 Οσεις
371 1784 638 1854 εἰ’χομεν;’
693 1782 862 1839 (πάνυ
914 1786 1010 1855 γε.’
1046 1787 1054 1856 Ι
1090 1786 1222 1839 εἔδει
1276 1784 1342 1839 δέ
1390 1805 1469 1855 γε,
1518 1785 1726 1856 φαμέν,
1779 1783 1888 1855 πρὸ

201 1869 418 1925 τούτων
477 1869 581 1942 τὴν
640 1874 742 1927 τοῦ
806 1878 933 1927 ἴσου
988 1870 1290 1943 ἐπιστήμην
1346 1872 1678 1942 εἰληφέναι;’
1741 1873 1888 1928 ’ναί.’

204 1960 355 2031 “πρὶν
399 1960 665 2029 γενέσθαι
710 1958 844 2032 ἄρα,
894 1957 969 2025 ὥς
1015 1963 1220 2030 ἔοικεν,
1267 1957 1483 2031 ἀνάγκη
1529 1958 1665 2031 ἡμῖν
1712 1958 1889 2031 αὐτὴν

204 2048 523 2118 εἰληφέναι.’
602 2049 834 2104 ‘gomma'

352 2137 467 2191 XX.
545 2134 792 2192 εΟὐκοῦν
846 2139 898 2192 εἰ
941 2135 1043 2207 μὲν
1089 2137 1353 2206 λαβόντες
1405 2133 1582 2207 αὐτὴν
1627 2134 1734 2209 πρὸ
1785 2140 1889 2192 τοῦ

204 2224 468 2295 γενέσθαι
530 2227 747 2295 ἔχοντες
808 2223 1140 2295 ἐγενόμεθα,
1202 2222 1554 2295 ἠπιστάμεθα
1609 2224 1702 2279 καὶ
1755 2225 1889 2298 πρὶν

204 2311 470 2382 γενέσθαι
505 2312 599 2365 καὶ
639 2308 811 2376 εὐθὺς
848 2310 1143 2383 γενόμενοι
1189 2309 1259 2366 οὐ
1305 2310 1483 2382 μόνον
1527 2310 1590 2367 τὸ
1633 2318 1758 2367 ἴσον
1795 2313 1889 2367 καὶ

205 2399 266 2456 τὸ
307 2404 493 2470 μεῖζον
530 2400 622 2453 καὶ
661 2398 724 2454 τὸ
766 2403 992 2455 ἔλαττον
1031 2396 1172 2454 ἀλλὰ
1208 2398 1301 2453 καὶ
1349 2398 1634 2469 ξύμπαντα
1670 2397 1739 2454 τὰ
1777 2421 1889 2455 τοι·

206 2491 370 2555 αὖτα;
420 2484 488 2542 ού
527 2485 633 2559 γὰρ
680 2486 806 2558 περὶ
842 2489 943 2542 τοῦ
984 2493 1111 2541 ἴσου
1156 2489 1267 2541 νῦν
1307 2483 1337 2541 ὁ
1377 2485 1543 2557 λόγος
1580 2484 1715 2558 ἡμῖν
1754 2491 1889 2560 μᾶλ-

205 2576 306 2632 λόν
351 2596 405 2630 τι
449 2571 484 2644 ἢ
531 2574 624 2629 καὶ
669 2575 794 2646 περὶ
841 2573 1015 2629 αὐτοῦ
1061 2576 1162 2628 τοῦ
1212 2575 1387 2629 καλοῦ
1432 2573 1524 2628 καὶ
1572 2573 1748 2631 αὐτοῦ
1786 2578 1889 2631 τοῦ

206 2662 430 2735 ἀγαθοῦ
468 2661 561 2716 καὶ
601 2665 822 2718 δικαίου
859 2662 951 2717 καὶ
1000 2659 1160 2716 ὁσίου
1199 2665 1318 2731 καί,
1366 2659 1500 2734 ὅπερ
1549 2663 1717 2734 λέγω,
1764 2663 1891 2735 περὶ
1918 2715 1931 2738 ff

155 2753 216 2826 D!
244 2749 533 2820 ἁπάντων,
582 2745 665 2816 οἷς
713 2747 1222 2823 ἐπισφραγιζόμεθα
1267 2751 1459 2819 τοῦτο,
1516 2746 1546 2804 3
1588 2754 1744 2825 ἐστι,
1797 2736 2020 2805 καῖιζἯ4

206 2841 266 2896 ἐν
320 2850 439 2905 ταῖς
493 2837 824 2912 ἐρωτήσεσιν
884 2839 1192 2910 ἐρωτῶντες
1244 2837 1336 2893 καὶ
1391 2839 1451 2893 ἐν
1505 2848 1625 2903 ταῖς
1670 2835 1891 2910 ἀποκρί-
