2020 3198
265 145 298 202 6
945 151 1285 196 ΠΛΑΤΩΝΟΣ

265 270 480 337 μοῦντα
531 267 656 339 περὶ
708 271 821 324 τῶν
871 272 1046 324 θείων
1101 268 1520 342 ἐξαμαρτάνειν,
1576 266 1828 341 μαθητὴς
1881 267 1950 339 δὴ

263 354 469 425 γέγονα
523 355 622 422 σός
670 388 733 397 —-
787 357 880 412 καὶ
934 360 984 412 εἰ
1044 357 1173 428 μέν,
1228 350 1273 413 ὦ
1329 359 1576 430 Μέλητε,
1630 361 1806 429 φαίην
1860 355 1951 427 ἄν,

213 442 623 517 ΒΕὐθύφρονα
676 442 965 517 ὁμολογεῖς
992 445 998 519 Ι
1027 444 1208 516 σοφὸν
1255 444 1399 501 εἶναι
1444 445 1511 501 τὰ
1559 449 1814 516 τοιαῦτα,
1860 444 1951 500 καὶ

266 529 453 604 ὀρθῶς
491 538 735 603 νομίζειν
784 533 877 604 ἐμὲ
921 531 1063 604 ἡγοῦ
1109 534 1201 590 καὶ
1248 535 1322 606 μὴ
1373 534 1620 602 δικάζου·
1662 526 1722 590 ἐἰ
1759 533 1822 590 δὲ
1859 533 1953 605 μή,

267 622 456 693 ἐκείνῳ
509 623 585 695 τῷ
643 621 960 696 διδασκάλῳ
1016 620 1148 693 λάχε
1202 625 1364 693 δίκην
1410 621 1682 695 πρότερον
1729 619 1764 693 ἢ
1814 624 1952 693 ἐμοί,

267 706 342 773 ὥς
377 707 509 775 τοὺς
545 711 953 782 πρεσβυτέρους
992 714 1412 783 διαφθείροντι,
1460 711 1556 781 ε’μέ
1606 731 1665 766 τε
1717 711 1810 766 καὶ
1854 708 1953 767 τὸν

266 795 439 852 αὑτοῦ
479 798 711 870 πατέρα,
754 798 847 869 ἐμὲ
879 798 979 869 μὲν
1015 798 1364 869 διδάσκοντι,
1408 801 1622 855 ἐκεῖνον
1654 798 1716 855 δὲ
1753 806 1954 855 νουθε-

264 888 462 941 τοῦντί
509 907 567 942 τε
611 886 704 941 καὶ
742 885 1031 953 κολάζοντι
1074 920 1137 927 -
1179 887 1273 942 καὶ
1313 884 1384 942 ἂν
1431 886 1505 958 μή
1556 908 1650 958 μοι
1695 892 1955 958 πείθηται

266 972 402 1044 μηδὲ
440 972 579 1047 ἀφίῃ
619 978 716 1046 τῆς
755 978 911 1045 δίκης
947 971 982 1045 ἢ
1024 974 1145 1031 ἄντ’
1192 977 1327 1046 ἐμοῦ
1366 975 1649 1048 γράφηται
1688 976 1774 1045 σέ,
1814 972 1953 1030 αὐτὰ

264 1064 436 1116 ταῦτα
460 1062 642 1132 λέγειν
667 1063 727 1117 έν
757 1065 833 1139 τῷ
858 1066 1211 1138 δικαστηρίῳ,
1237 1059 1272 1116 ἃ
1296 1062 1730 1135 προυκαλούμην
1755 1061 1954 1130 αὐτόν;

413 1157 554 1201 ΕΤΘ.
623 1150 742 1205 Ναὶ
779 1149 854 1220 μοὶ
895 1155 1033 1221 Δία,
1075 1145 1117 1206 ὦ
1158 1150 1476 1223 Σώκρατες,
1517 1155 1568 1207 εἰ
1604 1150 1716 1224 ἄρα
1746 1172 1813 1222 με
1845 1153 1956 1207 ἐπι-

214 1237 537 1310 Οχειρήσειε
598 1238 945 1312 γράφεσθαι,
1010 1236 1231 1312 εὕροιμ’
1300 1238 1396 1309 ἄν,
1460 1237 1536 1305 ὡς
1563 1239 1568 1313 Ι
1598 1238 1778 1311 οἶμαι,
1849 1237 1955 1311 ὅπῃ

268 1325 481 1399 σαθρός
512 1328 687 1398 ἐστιν,
719 1328 812 1382 καὶ
843 1326 986 1384 πολὺ
1017 1350 1090 1383 αν
1121 1325 1256 1398 ημῖν
1280 1327 1553 1400 πρότερον
1583 1327 1709 1400 περὶ
1741 1329 1957 1384 ἐκείνου

265 1413 431 1485 λόγος
470 1417 684 1486 ἐγένετο
725 1418 785 1472 ἐν
825 1419 899 1491 τῷ
941 1419 1275 1491 δικαστηρίῳ
1318 1439 1352 1487 η
1397 1416 1521 1486 περὶ
1561 1417 1711 1487 ἐμοῦ.

414 1511 510 1556 ΣΩ.
566 1503 682 1559 Καὶ
742 1503 848 1574 ἐγώ
909 1525 1021 1575 τοι,
1087 1527 1128 1559 ω
1189 1508 1316 1574 φίλε
1379 1504 1583 1575 ἑταιρε,
1647 1507 1822 1559 ταῦτα
1874 1526 1956 1575 γι-

267 1591 537 1662 γνώσκων
584 1591 836 1663 μαθητὴς
878 1594 1131 1663 ἐπιθυμῶ
1172 1592 1439 1662 γενέσθαι
1480 1591 1603 1663 σός,
1642 1591 1830 1662 εἰδως,
1871 1590 1956 1648 ὅτι

267 1680 359 1735 καὶ
398 1678 565 1744 ἄλλος
602 1679 712 1735 πού
750 1701 832 1745 τις
871 1679 964 1735 καὶ
1004 1677 1032 1734 ὁ
1075 1681 1331 1750 Μέλητος
1371 1673 1535 1746 οὗτος
1582 1679 1643 1736 σὲ
1682 1680 1783 1751 μὲν
1825 1677 1958 1736 οὐδὲ

269 1772 425 1824 δοκεῖ
461 1766 627 1841 ὁρᾶν,
669 1768 762 1840 ἐμὲ
801 1768 864 1824 δὲ
903 1766 1081 1833 οὕτως
1114 1766 1279 1834 ὀξέως
1310 1768 1402 1823 καὶ
1443 1770 1649 1842 ῥᾳδίως
1686 1772 1956 1839 κατεῖδεν,

269 1854 408 1912 ὥστε
457 1855 710 1927 ἀσεβείας
772 1855 1080 1928 ἐγράψατο.
1135 1859 1244 1911 νῦν
1303 1849 1407 1911 οὖν
1461 1854 1599 1925 πρὸς
1646 1856 1788 1923 Διὸς
1834 1858 1958 1929 λέγε

269 1966 380 2015 μοι,
422 1942 453 2000 ὃ
490 1948 599 2001 νῦν
640 1944 709 2016 δὴ
751 1948 942 2016 σαφῶς
974 1945 1183 2000 εἰδέναι
1215 1947 1581 2017 διισχυρίζου·
1614 1944 1780 2001 ποῖόν
1810 1967 1863 2001 τι
1893 1945 1956 2003 τὸ

269 2032 491 2104 εὐσεβὲς
529 2032 638 2106 φῂς
676 2031 820 2088 εἶναι
866 2033 958 2087 καὶ
1006 2031 1068 2088 τὸ
1116 2030 1311 2103 ἀσεβὲς
1348 2032 1440 2087 καὶ
1478 2032 1603 2105 περὶ
1641 2032 1827 2104 φόνου
1864 2034 1958 2089 καὶ
2018 2062 2020 2066 ’

211 2121 392 2195 Βπερὶ
430 2124 541 2178 τῶν
582 2120 791 2188 ἄλλων;
839 2118 874 2192 ἢ
915 2119 982 2176 οὐ
1012 2119 1018 2192 Ι
1044 2118 1250 2176 ταύτόν
1291 2122 1438 2177 ἐστιν
1478 2123 1539 2176 ἐν
1577 2120 1724 2194 πάσῃ
1763 2121 1956 2195 πράξει

267 2208 329 2264 τὸ
387 2207 546 2264 ὅσιον
587 2207 722 2264 αὐτὸ
777 2206 955 2284 αὐτῷ,
1018 2208 1110 2263 καὶ
1165 2207 1226 2264 τὸ
1283 2207 1518 2264 ἀνόσιον
1573 2202 1646 2264 αὖ
1699 2213 1800 2265 τοῦ
1853 2209 1956 2281 μὲν

269 2295 431 2354 ὁσίου
483 2295 691 2361 παντὸς
745 2298 1030 2367 ἐναντίον,
1086 2294 1223 2351 αὐτὸ
1290 2296 1351 2351 δὲ
1405 2294 1555 2372 αὐτῷ
1614 2294 1811 2367 ὅμοιον
1863 2298 1956 2353 καὶ
2018 2306 2020 2309 ’

270 2390 397 2457 ἔχον
437 2389 570 2456 μίαν
607 2383 734 2440 τινὰ
782 2385 938 2440 ἰδέαν
975 2382 1114 2439 κατὰ
1151 2383 1255 2455 τὴν
1295 2383 1629 2455 ἀνοσιότητα
1669 2388 1807 2457 πᾶν,
1848 2383 1954 2441 ὅτι·

269 2493 369 2545 περ
409 2470 481 2528 ἂν
522 2474 689 2546 μέλλῃ
730 2471 965 2529 ἀνόσιον
1006 2471 1174 2539 εἷναι;

416 2568 557 2611 ΕΤΘ.
610 2561 848 2626 Πάντως
887 2561 1093 2631 δήπου,
1134 2556 1176 2616 ὥ
1218 2560 1526 2632 Σώκρατες.

417 2649 511 2703 VI.
588 2657 684 2702 ΣΩ.
743 2648 884 2719 Λέγε
933 2648 1002 2719 δή
1018 2692 1032 2719 ,
1080 2653 1138 2705 τί
1187 2646 1295 2721 φῂς
1348 2645 1491 2703 εἶναι
1537 2647 1599 2703 τὸ
1650 2646 1809 2704 ὅσιον
1864 2649 1956 2704 καὶ

270 2735 331 2792 τὸ
376 2734 637 2802 άνόσιον;

419 2832 563 2877 ΕΤΘ.
617 2824 775 2894 Λέγω
807 2828 1027 2894 τοίνυν,
1069 2822 1154 2879 ὅτι
1193 2823 1255 2879 τὸ
1297 2823 1398 2894 μὲν
1440 2823 1600 2880 ὅσιόν
1641 2826 1789 2881 ἐστιν
1823 2823 1956 2898 ὅπερ
2006 2860 2010 2862 ἡ
