2020 3198
25 110 50 184 ἶ·
100 147 157 188 33
775 142 1113 185 ΚΡΑΤΤΛΟΣ.
1589 163 1597 168 ·
1675 138 1781 192 207

252 259 411 333 ΙΣΩ.
498 265 601 347 Τῇἡ
637 262 862 331 μεγίστῃ
923 262 1030 331 ἄρα
1093 258 1359 331 ἐπιθυμία
1420 244 1530 313 τῶν
1591 259 1783 312 ἐπιθυ·
1813 271 1857 315 D

100 358 242 419 μιῶν
296 350 402 402 δεῖ
441 349 669 417 αὐτούς,
733 354 883 419 εἴπερ
938 346 1122 417 μέλλει
1182 355 1258 420 τῷ
1311 349 1545 420 μεγίστῳ
1602 348 1782 419 δεσμςό

99 436 360 506 κατέχειν.

247 525 414 579 ΕΡΜ.
475 527 604 578 Ναί.

249 611 365 666 ΣΩ.
414 612 604 666 ’Ἔστιν
650 608 754 666 οὖν
802 631 883 674 τις
921 613 1116 680 μείζων
1156 610 1421 680 ἐπιθυμιά
1459 610 1492 679 ἢ
1533 611 1665 665 ὅταν
1702 615 1786 675 τίς

99 718 175 773 τῳ
217 702 404 754 συνὼν
452 706 632 769 οἴηται
679 695 752 752 δι’
797 698 1009 752 ἐκεῖνον
1055 701 1281 751 ἔσεσθαι
1327 699 1566 767 ἀμείνων
1614 699 1781 770 ἀνήρ;

248 788 415 841 ΕΡΜ.
477 789 577 841 Μὰ
614 783 711 840 Δί’
757 784 877 840 οὐδ’
923 786 1251 854 ὁπωστιοῦν,
1292 782 1334 839 ὦ
1373 788 1679 857 Σώκρατες.

251 875 366 928 Σῼ.
412 877 525 928 Διά
554 883 724 928 ταῦτα
757 876 861 945 ἄρα
893 885 1102 944 φῶμεν,
1136 871 1179 927 ὦ
1204 873 1544 945 Ἑρμόγενες,
1580 873 1784 929 οὐδένα

104 966 270 1035 δεῦρο
311 964 573 1032 ἐθελῆσαι
613 964 877 1017 ἀπελθεῖν
914 973 1025 1017 τῶν
1057 963 1290 1031 ἐκεῖθεν,
1331 961 1462 1017 οὐδὲ
1494 963 1662 1027 αὐτὰς
1690 965 1786 1026 τὰς

101 1057 394 1123 Σειρῆνας,
450 1052 586 1105 ἀλλὰ
641 1056 1118 1120 κατακεκηλῆσθαι
1163 1050 1372 1114 ἐκείνας
1416 1071 1474 1104 τε
1519 1050 1610 1104 καὶ
1655 1054 1784 1114 τοὺς

103 1142 304 1204 ἄλλους
336 1145 344 1207 1
378 1141 606 1203 πάντας·
647 1140 789 1193 οὕτω
838 1140 1038 1202 καλούς
1084 1158 1262 1207 τινας,
1302 1140 1375 1202 ὡς
1423 1141 1624 1207 ἔοικεν,
1672 1139 1784 1192 ἐπί-
1816 1146 1856 1190 Ε

103 1242 294 1282 σταται
348 1230 547 1296 λόγους
600 1226 780 1295 λέγειν
835 1227 864 1280 ὁ
898 1225 1111 1296 Ἅιδης,
1164 1225 1255 1279 καὶ
1301 1228 1470 1295 ἔστιν,
1519 1227 1592 1289 ὥς
1630 1225 1681 1294 γ’
1727 1226 1786 1281 ἐκ

102 1324 201 1370 τοῦ
248 1318 418 1384 λόγου
464 1316 684 1383 τούτου,
731 1315 761 1368 ὀ
807 1316 939 1378 θεὸς
985 1311 1146 1377 οὗτος
1190 1313 1372 1378 τέλεος
1417 1318 1684 1384 σοφιστής
1727 1335 1785 1368 τε

103 1402 194 1458 καὶ
246 1403 414 1473 μέγας
460 1402 747 1472 εὐεργέτης
791 1412 902 1456 τῶν
946 1399 1072 1473 παρ’
1117 1403 1289 1474 αὐτῷ,
1337 1403 1396 1465 ὅς
1443 1422 1506 1470 γε
1544 1402 1634 1455 καὶ
1671 1412 1787 1466 τοῖς

104 1492 307 1546 ἐνθάδε
346 1499 584 1545 τοσαῦτα
624 1491 807 1558 ἀγαθὰ
848 1491 1089 1559 ἀνίησιν·
1137 1491 1281 1543 οὕτω
1320 1492 1496 1544 πολλὰ
1535 1491 1682 1563 αὐτῷ
1720 1493 1786 1544 τὰ

104 1582 364 1650 περιόντα
411 1578 523 1632 ἐκεῖ
565 1577 739 1647 ἐστιν,
799 1577 889 1632 καὶ
935 1580 1033 1632 τὸν
1080 1580 1387 1632 Πλούτωνα
1434 1578 1538 1631 ἀπὸ
1586 1580 1787 1633 τούτου

105 1669 226 1737 ἔσχε
271 1668 332 1720 τὸ
382 1668 570 1736 ὄνομα.
643 1665 734 1720 καὶ
780 1668 841 1719 τὸ
890 1661 960 1719 αὗ
1007 1667 1079 1735 μὴ
1132 1666 1347 1720 ἐθέλειν
1386 1675 1636 1719 συνεῖναι
1672 1677 1787 1730 τοῖς

106 1755 427 1825 ἀνθρώποις
480 1757 668 1823 ἔχουσι
725 1756 790 1807 τὰ
846 1755 1092 1822 σώματα,
1151 1755 1288 1807 ἀλλὰ
1332 1756 1453 1807 τότε
1500 1757 1787 1823 συγγίγνε-

107 1848 268 1910 σθαι,
314 1842 536 1896 ἐπειδὰν
580 1842 615 1909 ἡ
662 1842 810 1910 ψυχὴ
857 1843 1078 1911 καθαρὰ
1129 1835 1160 1911 ᾖ
1207 1843 1430 1894 πάντων
1475 1851 1587 1895 τῶν
1622 1847 1628 1907 Ι
1662 1842 1787 1913 περὶ
1817 1861 1906 1900 404

27 1932 30 1934 ’
106 1932 167 1984 τὸ
217 1940 371 1999 σῶμα
417 1938 599 1982 κακῶν
646 1927 736 1982 καὶ
783 1928 1117 1998 ἐπιθυμιῶν,
1170 1930 1236 1982 οὐ
1284 1931 1598 1998 φιλόσοφον
1639 1930 1792 1982 δοκεῖ

90 2033 198 2072 σοι
251 2014 394 2071 εἶναι
447 2016 538 2070 καὶ
592 2012 654 2070 εὗ
709 2016 1180 2086 ἐντεθυμημένον,
1235 2017 1318 2069 ὅτι
1373 2016 1516 2070 οὕτω
1572 2013 1672 2085 μὲν
1719 2016 1787 2069 ἂν

107 2104 323 2175 κατέχοι
362 2106 563 2167 αὐτοὺς
603 2106 772 2172 δήσας
810 2113 875 2174 τῇ
914 2104 1038 2174 περὶ
1077 2105 1274 2175 ἀρετὴν
1314 2104 1597 2175 ἐπιθυμία,
1636 2106 1788 2173 ἔχον-

107 2212 203 2256 τας
243 2190 303 2246 δὲ
341 2194 443 2261 τὴν
481 2200 580 2246 τοῦ
621 2194 868 2262 σώματος
907 2194 1159 2260 πτοίησιν
1197 2190 1288 2245 καὶ
1327 2195 1529 2261 μανίαν
1562 2188 1683 2244 οὐδ’
1718 2190 1789 2244 ἂν

111 2281 139 2334 ὁ
180 2283 397 2351 Κρόνος
445 2281 670 2333 δύναιτο
719 2280 747 2333 ὁ
786 2282 962 2350 πατὴρ
1003 2279 1352 2349 συγκατέχειν
1391 2280 1536 2351 αὑτῷ
1578 2279 1637 2333 ἐν
1675 2288 1790 2342 τοῖς

113 2369 333 2438 δεσμοῖς
373 2370 543 2437 δήσας
581 2376 695 2430 τοῖς
735 2369 906 2421 αὐτοῦ
947 2368 1286 2437 λεγομένοις;

259 2454 428 2508 ΕΡΜ.
490 2456 852 2518 Κινδυνεύεις
890 2454 942 2507 τὶ
981 2454 1186 2523 λέγειν,
1227 2452 1268 2508 ὦ
1307 2456 1610 2525 Σώκρατες.

262 2541 378 2594 ΣΩ.
441 2541 551 2595 Καὶ
596 2546 657 2595 τό
696 2562 756 2610 γε
796 2544 969 2612 ὄνομα
1010 2544 1038 2596 ὁ
1064 2542 1270 2611 ’Ἁιδης,
1310 2540 1352 2596 ὦ
1384 2541 1729 2612 Ἑρμόγενες,
1781 2540 1785 2611 ξ
1821 2547 1859 2590 Β

114 2634 323 2684 πολλοῦ
365 2630 452 2682 δεῖ
486 2629 590 2682 ἀπὸ
630 2638 729 2683 τοῦ
770 2630 987 2692 ἀειδοῦς
1026 2630 1434 2700 ἐπωνομάσθαι,
1475 2630 1610 2683 ἀλλὰ
1648 2632 1789 2681 πολὺ

116 2722 324 2786 μᾶλλον
372 2716 475 2769 ἀπὸ
521 2724 620 2769 τοῦ
666 2718 842 2770 πάντα
890 2719 955 2770 τὰ
994 2720 1131 2771 καλὰ
1170 2717 1398 2786 εἰδέναι,
1448 2717 1551 2770 ἀπὸ
1590 2717 1791 2770 τούτου

116 2805 223 2858 ὑπὸ
264 2812 363 2857 τοῦ
402 2802 712 2872 νομοθέτου
738 2803 926 2872 ’Ἀιδης
965 2804 1183 2873 ἐκλήθη.
