2020 3198
711 170 1061 214 ΕΤΘΤΦΡΩΝ.
1658 171 1725 224 19

192 295 288 339 ΣΩ.
350 284 525 343 Ἀλλ’
575 290 672 343 ἴνα
718 309 781 358 γε
831 286 1026 357 αἰδώς,
1067 291 1208 343 ἔνθα
1254 289 1345 343 καὶ
1393 289 1518 354 δέος
1564 286 1729 344 εἶναι·

0 396 10 439 ζ,
22 375 161 432 -ἐπεὶ
187 379 337 431 ἔστιν
363 373 514 442 ὅστις
539 375 876 447 αἰδούμενός
899 398 952 431 τι
974 378 1202 447 πρᾶγμα
1223 376 1316 431 καὶ
1331 376 1730 448 αἰσχυνόμενος

45 461 113 520 οὐ
151 463 468 535 πεφόβηταί
501 485 559 520 τε
596 464 688 519 καὶ
724 463 730 538 Ι
769 464 1020 520 δέδοικεν
1065 462 1178 535 ἅμα
1226 463 1396 531 δόξαν
1434 470 1778 538 πονηριάς;0

190 559 330 604 ΕΤΘ.
389 552 626 608 Δέδοικε
664 551 765 623 μὲν
806 545 926 608 οὖν.

190 647 286 691 ΣΩ.
346 637 464 696 Οὐκ
511 637 601 712 ἄρ’
654 637 844 711 ὀρθῶς
891 643 1002 711 ἔχει
1049 640 1252 711 λέγειν·
1300 642 1395 696 ἵνα
1438 638 1545 713 γὰρ
1586 640 1726 711 δέος,

45 729 187 782 ἔνθα
224 727 318 782 καὶ
357 725 549 792 αἰδώς·
597 724 719 782 ἀλλ’
763 729 857 783 ἵνα
897 727 998 798 μὲν
1038 728 1233 799 αἰδώς,
1281 732 1424 783 ἔνθα
1453 729 1546 783 καὶ
1586 729 1726 800 δέος,

46 813 113 870 οὐ
162 815 350 886 μέντοι
397 817 492 872 ’ἵνα
536 837 600 886 γε
649 816 799 885 δέος,
845 819 1128 888 πανταχοῦ
1184 816 1366 881 αἰδώς.
1422 816 1508 872 ἐπὶ
1558 817 1727 872 πλέον

42 901 174 974 γάρ,
233 900 414 974 οἶμαι,
470 904 595 969 δέος
649 905 865 968 αἰδοῦς·
921 902 1120 975 μόριον
1164 902 1270 974 γὰρ
1326 902 1496 970 αἰδώς
1550 905 1728 973 δέους,

45 988 227 1062 ὥσπερ
267 989 517 1064 ἀριθμοῦ
557 990 838 1063 περιττόν,
880 989 1018 1048 ὥστε
1074 989 1175 1062 οὐχ
1229 994 1423 1062 ἵναπερ
1470 990 1727 1064 ἀριθμός,

45 1082 188 1134 ἔνθα
218 1079 311 1134 καὶ
344 1078 625 1149 περιττόν,
658 1080 752 1134 ’ἵνα
786 1078 847 1134 δὲ
870 1077 1150 1149 περιττόν,
1183 1083 1324 1135 ἔνθα
1347 1080 1440 1135 καὶ
1472 1078 1727 1151 ἀριθμός.

43 1167 159 1222 ἕπει
195 1166 302 1238 γάρ
342 1186 452 1223 που
488 1170 597 1223 νῦν
635 1189 723 1238 γε;

189 1263 330 1308 ΕΤΘ.
387 1254 556 1311 Πάνυ
593 1277 669 1326 γε.

191 1352 287 1396 ΣΩ.
356 1342 431 1399 Τὸ
471 1346 732 1399 τοιοῦτον
764 1347 958 1400 τοίνυν
995 1344 1088 1399 καὶ
1122 1346 1234 1400 ἐκεῖ
1267 1343 1444 1414 λέγων
1475 1340 1726 1414 ἠρώτων,

45 1423 153 1504 ἆρα
191 1433 286 1487 ἵνα
326 1435 571 1502 δίκαιον,
622 1435 764 1487 ἔνθα
807 1433 900 1487 καὶ
947 1428 1213 1503 ὅσιον,·ἢ
1259 1433 1354 1507 ’ἵνα
1400 1431 1500 1502 μὲν
1549 1429 1725 1502 ὅσιον,

46 1523 187 1575 ἔνθα
239 1520 333 1575 καὶ
375 1519 381 1593 Ι
426 1523 670 1590 δίκαιον,
735 1521 829 1575 ἵνα
886 1519 948 1576 δὲ
1009 1524 1252 1590 δίκαιον,
1316 1518 1382 1575 οὐ
1444 1521 1782 1590 πανταχοῦῙ)

46 1607 227 1665 ὅσιον·
274 1607 475 1680 μόριον
513 1606 622 1680 γὰρ
660 1611 760 1664 τοῦ
795 1611 1015 1664 δικαίου
1044 1607 1107 1664 τὸ
1141 1606 1314 1664 ὅσιον.
1357 1605 1499 1663 οὕτω
1532 1609 1726 1677 φῶμεν

8 1686 13 1689 ’
44 1692 78 1767 ἢ
119 1694 299 1761 ἄλλως
338 1711 427 1751 σοι
466 1699 641 1763 δοκεῖ;

195 1790 334 1835 ΕΤΘ.
432 1782 577 1853 Οὔκ,
627 1781 748 1838 ἀλλ’
800 1781 959 1839 οὕτω.
1014 1786 1202 1854 φαίνει
1245 1781 1353 1854 γάρ
1400 1803 1494 1853 μοι
1541 1781 1727 1854 ὀρθῶς

46 1871 239 1943 λέγειν.

193 1960 339 2014 XIV.
429 1966 526 2010 ΣΩ.
590 1957 728 2030 Ὅρα
790 1957 859 2027 δὴ
920 1956 982 2012 τὸ
1052 1955 1185 2028 μετὰ
1246 1959 1424 2012 τοῦτο.
1510 1960 1560 2012 εἰ
1618 1956 1724 2029 γὰρ

47 2047 211 2119 μέρος
247 2044 309 2101 τὸ
353 2044 512 2101 ὅσιον
550 2048 650 2101 τοῦ
692 2049 938 2115 δικαίου,
978 2048 1066 2100 δεῖ
1102 2043 1170 2115 δὴ
1210 2041 1377 2115 ἡμᾶς,
1417 2041 1491 2109 ὥς
1529 2048 1725 2114 ἔοικεν,
1765 2098 1770 2102 .

46 2135 287 2205 ἐξευρεῖν
324 2132 388 2188 τὸ
428 2143 592 2189 ποῖον
631 2133 797 2205 μέρος
834 2130 905 2188 ἄν
946 2139 1028 2203 εἴη
1059 2134 1159 2187 τοῦ
1194 2134 1412 2186 δικαίου
1449 2129 1511 2187 τὸ
1552 2130 1726 2188 ὅσιον.

47 2224 97 2277 εἰ
134 2220 236 2292 μὲν
276 2214 380 2277 οὖν
420 2220 490 2276 σύ
530 2242 596 2292 με
634 2218 852 2293 ἠρώτας
887 2242 939 2276 τι
977 2224 1089 2277 τῶν
1128 2222 1236 2276 νῦν
1269 2218 1357 2290 δή,
1398 2213 1523 2275 οἷον
1560 2231 1725 2276 ποῖον

45 2309 210 2382 μέρος
256 2308 405 2365 ἐστὶν
444 2306 691 2380 ἀριθμοῦ
737 2307 800 2364 τὸ
848 2328 1041 2381 αρτιον
1086 2307 1178 2363 καὶ
1215 2311 1296 2373 τίς
1343 2329 1423 2363 ων
1467 2307 1725 2379 τυγχάνει

0 2436 1 2453 2
46 2389 207 2462 οὗτος
247 2394 276 2452 ὁ
318 2395 587 2469 ἀριθμός,
634 2393 791 2453 εἷπον
838 2394 935 2466 ὅῖν,
977 2393 1060 2451 ὅτι
1108 2393 1168 2461 ὃς
1214 2418 1286 2451 αν
1330 2394 1406 2467 μὴ
1452 2394 1726 2466 σκαληνὸς

0 2501 2 2532 1
43 2475 106 2554 ᾖ,
146 2481 269 2539 αλλ’
316 2483 620 2554 ἰσοσκελής·
660 2479 695 2554 ἢ
736 2481 804 2539 οὐ
845 2486 1000 2538 δοκεῖ
1033 2497 1148 2549 σοι;

190 2579 329 2624 ΕΤΘ.
368 2569 608 2642 '‘Euome-

193 2666 288 2711 ΣΩ.
366 2661 553 2727 Πειρῶ
604 2656 671 2728 δὴ
726 2657 819 2713 καὶ
874 2655 944 2713 σὺ
994 2656 1086 2728 ἐμὲ
1135 2658 1139 2728 Ι
1184 2653 1330 2712 οὕτω
1377 2657 1620 2727 διδάξαι,
1661 2657 1778 2713 τόΕ

43 2755 208 2801 ποῖον
240 2746 403 2816 μέρος
432 2749 533 2801 τοῦ
577 2749 796 2801 δικαίου
828 2743 988 2800 ὅσιόν
1021 2747 1197 2814 ἐστιν,
1237 2746 1330 2799 ἵνα
1361 2746 1452 2800 καὶ
1484 2745 1721 2820 Μελήτῳ

23 2833 289 2908 ,λέγωμεν
352 2829 550 2903 μηκέθ’
616 2829 759 2902 ἡμᾶς
814 2829 1029 2887 ἀδικεῖν
1090 2831 1227 2902 μηδὲ
1289 2830 1541 2902 ἀσεβείας
1591 2831 1723 2904 γρά-

1397 2921 1457 2964 2*
