2020 3198
585 170 905 213 ΑΠΟΛΟΓΙΑ
935 169 1312 213 ΣΩΚΡΑΤΟΥΣ.
1716 168 1789 221 45

92 282 370 356 ἀγαθῶν,
411 288 625 341 δεδιάσι
667 284 718 341 δ’
763 283 837 351 ὡς
876 278 938 341 εὖ
978 285 1208 358 εἰδότες,
1258 284 1343 342 ὅτι
1381 287 1639 358 μέγιστον
1676 289 1790 342 τῶν

0 398 34 422 1
105 376 293 430 κακῶν
341 376 467 430 ἐστι.
539 374 632 429 καὶ
669 377 834 429 τοῦτο
874 377 988 439 πῶς
1027 372 1130 429 οὐκ
1165 374 1171 447 Ι
1207 371 1422 445 ἀμαθία
1462 373 1612 430 ἐστὶν
1649 372 1841 445 αὕτηΒ

106 459 141 532 ἡ
184 463 582 532 ἐπονείδιστος,
633 459 668 532 ἡ
714 464 816 516 τοῦ
864 468 1084 518 οἴεσθαι
1131 463 1340 518 εἰδέναι
1386 460 1421 518 ἃ
1470 463 1572 518 οὐκ
1611 459 1790 529 οἷδεν;

107 548 213 620 ε’γῶ
254 549 330 621 δ’,
379 544 423 606 ὦ
462 548 687 621 ἄνδρες,
734 548 912 623 τούτῳ
951 550 1043 605 καὶ
1085 552 1333 606 ἐνταῦθα
1373 556 1504 615 ἴσως
1544 551 1791 622 διαφέρω

106 640 220 693 τῶν
258 640 481 693 πολλῶν
521 635 860 708 ἀνθρώπων,
900 637 992 692 καὶ
1032 641 1082 692 εἰ
1120 637 1189 709 δή
1229 659 1304 709 τῳ
1345 636 1662 710 σοφώτερός
1691 658 1793 693 του

107 729 282 796 φαίην
329 722 498 795 εἶναι,
552 724 729 799 τούτῳ
777 724 874 795 ἄν,
933 723 1018 780 ὅτι
1065 723 1168 780 οὐκ
1214 723 1374 790 είδῶς
1420 727 1623 791 ἱκανῶς
1667 725 1792 797 περὶ

105 816 219 869 τῶν
267 814 329 869 ἐν
362 811 557 868 ’Ἅιδου
605 811 749 869 οὕτω
802 814 895 868 καὶ
953 821 1140 884 οἴομαι
1188 813 1290 870 οὐκ
1336 815 1564 869 εἰδέναι·
1618 812 1680 869 τὸ
1731 813 1793 869 δὲ

108 900 322 957 ἀδικεῖν
368 901 460 956 καὶ
508 900 762 957 ἀπειθεῖν
807 905 883 978 τῷ
931 906 1198 973 βελτίονι,
1251 903 1344 957 καὶ
1398 905 1513 977 θεῷ
1559 902 1651 956 καὶ
1698 899 1793 956 ἀν-

106 989 345 1065 θρῶπςο,
395 987 479 1044 ὅτι
517 988 690 1045 κακὸν
728 989 822 1044 καὶ
861 989 1094 1062 αἰσχρόν
1135 991 1284 1045 ἐστιν
1324 986 1465 1045 οἶδα.
1540 990 1645 1062 πρὸ
1689 982 1793 1045 οὖν

107 1081 220 1134 τῶν
258 1080 471 1148 κακῶν,
521 1071 602 1133 ῶν
652 1075 778 1134 οἶδα
828 1076 912 1133 ὅτι
957 1077 1098 1132 κακά
1148 1079 1322 1147 ἐστιν,
1374 1074 1410 1132 ὂὶ
1457 1077 1530 1149 μὴ
1578 1075 1705 1133 οἶδα
1743 1081 1795 1134 εἰ

108 1164 298 1236 ἀγαθὰ
337 1164 471 1221 ὄντα
509 1165 768 1237 τυγχάνει
817 1164 1082 1222 οὐδέποτε
1129 1165 1448 1237 φοβήσομαι
1488 1163 1622 1221 οὐδὲ
1660 1166 1794 1237 φεύ-

109 1255 291 1324 ξομαι·
346 1252 485 1309 ῶστε
541 1252 664 1309 οὐδ’
717 1260 772 1309 εἴ
819 1276 885 1325 με
937 1257 1046 1310 νῦν
1107 1251 1264 1324 ὑμεῖς
1319 1251 1509 1324 ἀφίετε
1543 1253 1550 1326 Ι
1583 1251 1843 1329 Ἀνύτῳῦ

109 1340 523 1413 ἀπιστήσαντες,
565 1339 626 1407 ὃς
665 1346 770 1413 ἔφη
810 1339 846 1413 ἢ
885 1341 987 1413 τὴν
1027 1340 1205 1414 ἀρχὴν
1248 1339 1315 1396 οὐ
1348 1344 1468 1396 δεῖν
1501 1340 1594 1412 ἐμὲ
1625 1344 1791 1413 δεῦρο

109 1432 384 1484 εἰσελθεῖν
430 1428 492 1500 ἤ,
542 1427 728 1499 ἐπειδὴ
777 1432 1069 1500 εἰσῆλθον,
1123 1427 1225 1500 οὐχ
1274 1423 1397 1483 οἷόν
1442 1425 1491 1483 τ’
1541 1426 1684 1484 εἶναι
1728 1427 1791 1485 τὸ

109 1515 182 1587 μὴ
223 1514 548 1572 ἀποκτεῖναί
588 1538 677 1587 με,
726 1517 902 1587 λέγων
950 1515 1088 1586 πρὸς
1134 1512 1278 1585 ὑμᾶς
1325 1512 1423 1585 ῶς,
1470 1518 1522 1571 εἰ
1566 1520 1792 1588 διαφευ-

111 1605 331 1675 ξοίμην,
377 1603 484 1675 ἤδη
533 1601 604 1660 ἂν
650 1602 810 1675 ὑμῶν
859 1606 917 1660 οἱ
963 1606 1101 1669 υἱεῖς
1142 1602 1557 1673 ἐπιτηδεύοντες
1594 1601 1630 1659 ὁὶ
1670 1611 1792 1660 Σω-

109 1691 311 1764 κράτης
366 1692 614 1748 διδάσκει
668 1692 868 1757 πάντες
921 1691 1234 1747 παντάπασι
1286 1691 1792 1765 διαφθαρήσονται,

42 1836 51 1842 ,
115 1811 176 1820 -
220 1786 276 1835 εἴ
308 1802 403 1852 μοι
440 1778 577 1850 πρὸς
613 1783 786 1835 ταῦτα
825 1785 1048 1835 εἴποιτε·
1099 1773 1145 1835 ῶ
1185 1778 1504 1851 Σώκρατες,
1543 1783 1653 1836 νῦν
1691 1780 1792 1851 μὲν

105 1865 312 1942 Ἀνύτῳ
369 1869 437 1923 οὐ
482 1867 814 1938 πεισόμεθα,
868 1866 991 1922 ἀλλ’
1044 1866 1279 1938 ἀφίεμέν
1334 1882 1420 1936 σε,
1475 1867 1562 1922 ἐπὶ
1614 1868 1791 1944 τούτῳ

110 1955 323 2026 μέντοι,
372 1954 459 2026 ἐφ’
505 1948 606 2031 ᾧτε
654 1955 843 2026 μηκέτι
890 1957 949 2010 ἐν
995 1955 1166 2027 ταύτῃ
1212 1957 1277 2027 τῇ
1328 1953 1541 2025 ζητήσει
1587 1959 1794 2029 διατρί-

108 2047 231 2112 βειν
270 2043 410 2113 μηδὲ
448 2049 802 2113 φιλοσοφεῖν·
852 2040 950 2097 ἐὰν
999 2042 1060 2097 δὲ
1108 2040 1253 2118 ἁλῷς
1299 2046 1377 2097 ε”τι
1423 2046 1588 2099 τοῦτο
1626 2044 1793 2115 πράτ-

108 2150 247 2197 των,
287 2128 584 2186 ἀποθανεῖ·
633 2133 684 2185 εί
722 2123 825 2185 οὖν
861 2133 866 2201 Ι
902 2150 992 2199 με,
1042 2128 1175 2203 ὅπερ
1216 2127 1398 2201 εἶπον,
1446 2130 1533 2186 ε’πὶ
1578 2131 1849 2198 τούτοιςΙ)

0 2291 2 2298 y
110 2215 345 2289 ἀφίοιτε,
386 2214 587 2287 εἴποιμ’
632 2213 704 2272 ἀν
742 2214 877 2287 ὑμῖν
919 2216 1003 2272 ὅτι
1044 2216 1148 2288 ε’γῶ
1188 2216 1358 2289 ὑμᾶς,
1397 2216 1599 2291 ἄνδρες
1629 2217 1793 2290 Ἀθη-

0 2340 2 2376 ‚
109 2316 286 2376 ναῖοι,
327 2303 637 2375 ἀσπάζομαι
676 2303 777 2375 μὲν
815 2304 908 2359 καὶ
948 2309 1118 2376 φιλῶ,
1168 2310 1426 2377 πείσομαι
1472 2307 1534 2363 δὲ
1580 2310 1792 2378 μᾶλλον

0 2377 3 2482 >
109 2396 184 2468 τῷ
223 2396 338 2470 θεῷ
378 2389 414 2463 ἢ
454 2390 614 2463 ὑμῖν,
660 2392 753 2446 καὶ
801 2394 1009 2465 ἕωσπερ
1058 2391 1128 2448 ἂν
1178 2396 1391 2464 ἐμπνέω
1437 2396 1529 2450 καὶ
1579 2390 1698 2460 οἶός
1734 2417 1792 2451 τε

111 2473 174 2551 ὦ,
214 2479 282 2536 οὐ
321 2479 394 2551 μὴ
435 2479 728 2550 παύσωμαι
768 2484 1098 2552 φιλοσοφῶν
1137 2482 1228 2536 καὶ
1259 2479 1394 2553 ὑμῖν
1426 2482 1791 2554 παρακελευό-

110 2568 276 2638 μενός
326 2589 384 2623 τε
432 2568 525 2622 καὶ
573 2567 991 2638 ἐνδεικνύμενος
1046 2567 1152 2644 ὅτῳ
1208 2566 1279 2625 ἀν
1334 2567 1420 2625 ἀεὶ
1475 2570 1789 2641 ἐντυγχάνω

32 2683 37 2732 y·
108 2652 294 2725 ὑμῶν,
349 2655 524 2725 λέγων
581 2649 774 2726 οἷάπερ
830 2661 1031 2726 εἴωθα,
1088 2653 1172 2710 ὅτι
1220 2649 1263 2711 ῶ
1312 2655 1500 2729 ἄριστε
1546 2658 1789 2728 ἀνδρῶν,

105 2737 403 2812 Ἀθηναῖος
435 2739 532 2811 ῶν,
572 2741 783 2807 πόλεως
814 2746 911 2812 τῆς
943 2746 1196 2813 μεγίστης
1226 2743 1318 2798 καὶ
1350 2742 1790 2815 εὐδοκιμωτάτης

19 2839 28 2866 “-
111 2830 187 2894 εἰς
234 2834 440 2899 σοφίαν
491 2828 584 2883 καὶ
636 2830 822 2900 ἰσχύν,
877 2829 1171 2901 χρημάτων
1226 2829 1327 2900 μὲν
1383 2829 1485 2885 οὐκ
1540 2830 1789 2901 αἰσχύνει

21 2858 87 3198 Ξ
