2020 3198
230 192 301 243 28
906 193 1244 237 ΠΛΑΤΩΝΟΣ

230 305 412 381 ὥσπερ
459 313 723 384 μειρακίῳ
771 309 1065 366 πλάττοντι
1103 310 1306 382 λόγους
1351 315 1429 377 εἰς
1478 308 1623 383 ὑμᾶς
1672 313 1914 369 εἰσιέναι.

227 395 320 450 καὶ
374 396 564 466 μέντοι
624 397 717 452 καὶ
778 397 953 468 πάνυ,
1018 392 1061 454 ὦ
1125 397 1326 472 ἄνδρες
1375 397 1690 471 Ἀθηναῖοι,
1750 403 1914 456 τοῦτο

226 482 387 555 ὑμῶν
428 487 623 557 δέομαι
657 486 751 541 καὶ
782 492 1069 558 παρίεμαι·
1110 485 1208 542 ἐὰν
1242 486 1334 542 διὰ
1367 490 1480 543 τῶν
1513 486 1700 544 αὐτῶν
1731 487 1916 559 λόγων

228 570 466 644 ἀκούητέ
504 596 612 645 μου
653 571 1137 646 ἀπολογουμένου,
1179 573 1254 630 δι’
1299 569 1482 648 ὦνπερ
1523 584 1698 633 εἴωθα
1735 577 1916 648 λέγειν

224 659 319 715 καὶ
372 662 431 716 ἐν
482 658 660 734 ἆγορᾷ
714 662 801 717 ἐπὶ
852 665 965 718 τῶν
1015 666 1319 735 τραπεζῶν,
1375 666 1469 718 ἵνα
1513 662 1675 736 ὑμῶν
1720 664 1916 720 πολλοὶ

166 745 522 819 Βᾶκηκόασι,
570 749 662 804 καὶ
709 747 939 820 ἄλλοθι,
988 750 1121 821 μήτε
1163 750 1170 824 Ι
1210 750 1517 822 θαυμάζειν
1564 753 1697 824 μήτε
1740 760 1915 826 θορυ-

224 839 346 904 βεῖν
384 835 590 891 τούτου
629 837 804 892 ἕνεκα.
882 842 991 909 ἔχει
1028 836 1135 910 γὰρ
1177 836 1396 895 οὑτωσί.
1473 843 1582 896 νῦν
1621 839 1728 911 ἐγὼ
1768 843 1915 911 πρῶ-

223 943 323 978 τον
364 923 451 978 ἐπὶ
484 924 843 997 δικαστήριον
883 923 1227 997 ἀναβέβηκα,
1267 930 1358 997 ἔτη
1398 926 1643 998 γεγονώς
1681 927 1915 1000 ἑβδομή-

222 1029 419 1065 κοντα·
477 1009 718 1084 ἀτεχνῶς
772 1006 878 1068 οὖν
932 1014 1101 1079 ξένως
1154 1018 1257 1085 ἔχω
1310 1018 1407 1085 τῆς
1453 1015 1660 1071 ἐνθάδε
1706 1017 1913 1083 λέξεως.

225 1096 408 1170 ὥσπερ
450 1093 555 1154 οὖν
595 1098 691 1170 ἄν,
742 1104 792 1156 εἰ
827 1104 903 1176 τῷ
946 1099 1067 1156 ὄντι
1107 1102 1259 1167 ξένος
1299 1102 1604 1175 ἐτύγχανον
1643 1103 1749 1174 ὤν,
1790 1105 1912 1170 ξυν-

225 1185 585 1256 εγιγνοόσκετε
626 1186 808 1258 δήπου
846 1187 918 1243 ἄν
959 1211 1078 1259 μοι,
1126 1193 1177 1244 εἰ
1222 1191 1282 1246 ἐν
1330 1192 1511 1264 ἐκείνῃ
1550 1195 1615 1264 τῇ
1656 1195 1816 1265 φωνῇ
1855 1213 1912 1248 τε

153 1285 206 1325 18
223 1273 317 1328 καὶ
360 1276 437 1349 τῷ
490 1273 676 1350 τρόπῳ
730 1280 948 1346 ἔλεγον,
1001 1279 1061 1332 ἐν
1106 1278 1110 1349 Ι
1152 1272 1342 1351 οἷσπερ
1390 1279 1768 1352 ἐτεθράμμην,
1820 1280 1913 1335 καὶ

225 1360 294 1432 δὴ
340 1362 432 1416 καὶ
479 1365 588 1417 νῦν
634 1365 800 1418 τοῦτο
848 1361 1008 1434 ὑμῶν
1058 1366 1252 1435 δέομαι
1301 1370 1546 1437 δίκαιον,
1592 1365 1668 1433 ὥς
1711 1369 1779 1438 γέ
1818 1389 1912 1439 μοι

224 1453 390 1520 δοκῶ,
429 1448 529 1505 τὸν
569 1450 670 1521 μὲν
708 1442 918 1524 τρόπον
956 1455 1053 1524 τῆς
1092 1454 1287 1520 λέξεως
1325 1456 1448 1509 ε’ἆν·
1495 1462 1629 1521 ἴσως
1666 1455 1767 1526 μὲν
1805 1454 1911 1528 γὰρ

221 1542 441 1611 χείρων,
482 1544 615 1603 ἴσως
654 1538 716 1594 δὲ
754 1543 989 1609 βελτίων
1029 1536 1102 1595 ἄν
1142 1547 1252 1611 εἴη·
1303 1539 1438 1597 αὐτὸ
1481 1541 1544 1598 δὲ
1580 1546 1745 1599 τοῦτο
1787 1559 1911 1599 σκο-

222 1636 347 1681 πεῖν
393 1625 486 1680 καὶ
530 1625 708 1702 τούτῳ
756 1625 856 1682 τὸν
901 1630 1043 1683 νοῦν
1090 1629 1407 1700 προσέχειν,
1455 1633 1506 1685 εἰ
1543 1634 1732 1686 δίκαια
1769 1632 1910 1702 λέγω

220 1710 254 1784 ἢ
311 1713 412 1785 μή·
475 1717 739 1770 δικαστοῦ
795 1713 896 1785 μὲν
950 1714 1058 1788 γὰρ
1114 1714 1256 1787 αὕτη
1310 1715 1501 1790 ἀρετή,
1560 1717 1795 1792 ῥήτορος
1849 1719 1910 1776 δὲ

220 1799 438 1872 τάληθῆ
478 1801 673 1872 λέγειν.

367 1891 436 1945 ΙΙ.
512 1893 753 1962 Πρῶτον
785 1890 886 1962 μὲν
913 1885 1016 1947 οὖν
1042 1893 1255 1958 δίκαιός
1287 1896 1398 1964 εἰμι
1426 1891 1910 1967 ἀπολογήσασθαι,

220 1970 262 2033 ὦ
304 1974 505 2050 ἄνδρες
540 1976 849 2050 Ἀθηναῖοι,
889 1979 1027 2051 πρὸς
1064 1980 1131 2036 τὰ
1172 1980 1361 2054 πρῶτοί
1394 2003 1504 2052 μου
1534 1986 1714 2054 ψευδῆ
1746 2005 1907 2056 κατη-

218 2067 499 2136 γορημένα
553 2066 644 2121 καὶ
698 2065 828 2132 τοὺς
879 2067 1132 2139 πρώτους
1184 2068 1551 2142 κατηγόρους,
1608 2074 1792 2128 ἔπειτα
1846 2073 1909 2130 δὲ

164 2151 357 2225 Βπρός
390 2151 457 2207 τὰ
487 2151 692 2226 ῦστερα
722 2154 815 2209 καὶ
846 2156 978 2220 τοὺς
1011 2156 1016 2229 Ι
1052 2154 1330 2229 ὑστέρους.
1402 2159 1539 2227 ἐμοῦ
1570 2156 1678 2230 γὰρ
1709 2156 1908 2216 πολλοὶ

217 2239 516 2312 κατήγοροι
561 2241 824 2311 γεγόνασι
870 2241 1008 2315 πρὸς
1054 2241 1198 2314 ὑμᾶς
1242 2244 1335 2299 καὶ
1373 2244 1545 2299 πάλαι
1582 2245 1758 2302 πολλοὶ
1796 2247 1906 2320 ἤδη

218 2331 309 2398 ε”τη
348 2328 441 2382 καὶ
482 2327 648 2384 οὐδὲν
688 2326 896 2399 ἀληθὲς
933 2331 1210 2402 λέγοντες,
1261 2329 1359 2397 οὓς
1406 2330 1510 2403 ἐγώ
1551 2335 1765 2403 μᾶλλον
1803 2357 1905 2407 φο-

216 2419 422 2486 βοῦμαι
460 2412 495 2486 ἢ
535 2414 665 2481 τοὺς
703 2414 847 2488 ἀμφὶ
878 2415 1144 2489 ’'Avvvov,
1191 2425 1385 2492 καίπερ
1435 2418 1601 2485 ὄντας
1644 2421 1737 2477 καὶ
1781 2422 1904 2479 τού-

216 2523 346 2567 τους
394 2503 636 2569 δεινούς·
683 2502 806 2559 ἀλλ’
861 2508 1061 2561 ἐκεῖνοι
1110 2506 1438 2579 δεινότεροι,
1491 2501 1535 2563 ὦ
1575 2506 1801 2581 ἄνδρες,
1849 2515 1906 2567 οἳ

215 2588 374 2662 ὑμῶν
411 2590 543 2656 τοὺς
580 2589 822 2657 πολλοὺς
861 2594 920 2648 ἐκ
957 2597 1175 2649 παίδων
1206 2594 1735 2666 παραλαμβάνοντες
1765 2602 1899 2654 ἕπει-

214 2677 328 2734 θόν
365 2698 422 2732 τε
461 2677 554 2732 καὶ
591 2677 942 2751 κατηγόρουν
989 2682 1125 2751 ἐμοῦ
1173 2679 1341 2737 οὐδὲν
1388 2680 1619 2753 ἀληθές,
1672 2681 1748 2751 ὥς
1786 2689 1901 2741 ἔστι

213 2787 296 2832 τις
334 2765 639 2838 Σωκράτης
679 2765 856 2838 σοφὸς
894 2766 1057 2842 ἀνήρ,
1096 2769 1164 2825 τά
1203 2790 1260 2825 τε
1292 2771 1534 2843 μετέωρα
1568 2771 1901 2845 φροντιστὴς

215 2854 308 2910 καὶ
356 2852 423 2908 τὰ
474 2850 585 2908 ὑπὸ
642 2857 744 2925 γῆς
802 2853 1018 2911 ἅπαντα
1076 2855 1415 2930 ἀνεζητηκώς
1463 2859 1557 2914 καὶ
1606 2859 1706 2915 τὸν
1755 2858 1899 2931 ἥττω
