2020 3198
98 174 155 214 37
773 172 1111 215 ΚΡΑΤΤΛΟΣ,
1674 170 1742 223 21
1751 172 1781 222 1

98 303 212 355 ἔστι
249 303 355 373 γὰρ
391 301 483 356 καὶ
522 305 835 367 σπουδαίως
873 301 1159 373 εἰρημένος
1199 303 1228 357 ὁ
1267 306 1468 374 τρόπος
1506 312 1618 357 τῶν
1658 304 1783 358 ὀνο-

46 391 58 394 ’
97 390 284 458 μάτων
335 391 552 454 τούτοις
594 389 600 462 Ι
641 399 756 454 τοϊς
810 396 966 454 θεοῖς
1017 390 1109 444 καὶ
1162 393 1440 455 παιδικῶς.
1526 393 1625 445 τὸν
1679 388 1781 461 μὲν
1813 394 1847 440 C

98 472 202 530 οὖν
244 479 551 532 σπουδαῖον
597 480 798 541 ἄλλους
844 479 997 542 τινας
1036 476 1236 548 ἐρώτα,
1285 481 1382 533 τὸν
1423 476 1483 533 δὲ
1521 480 1781 533 παιδικὸν

97 562 265 619 οὐδὲν
327 567 528 619 κωλύει
592 567 858 619 διελθεῖν·
921 567 1358 635 φιλοπαίσμονες
1419 567 1525 636 γὰρ
1580 563 1672 619 καὶ
1726 565 1786 619 οἱ

95 655 235 706 θεοί.
312 651 343 706 ὅ
390 673 448 706 τε
486 654 591 724 γὰρ
630 655 909 716 Διόνυσος
950 658 1034 722 εἴη
1075 651 1144 706 ἂν
1184 652 1213 707 ὁ
1254 654 1445 716 διδοὺς
1482 654 1580 706 τὸν
1622 649 1780 706 οἶνον

95 741 435 803 Διδοίνυσος
480 740 540 793 ἐν
586 742 780 811 παιδιᾷ
827 741 1191 809 καλούμενος,
1241 736 1392 803 οἶνος
1432 736 1508 808 δ’,
1549 741 1633 793 ὅτι
1673 745 1780 794 οἴε-

96 833 230 881 σθαι
268 835 408 882 νοῦν
446 830 590 898 ἔχειν
620 837 769 882 ποιεῖ
794 837 906 882 τῶν
934 830 1211 882 πινόντων
1241 831 1370 891 τοὺς
1401 831 1642 891 πολλοὺς
1675 828 1777 881 οὐκ

95 917 343 985 ἔχοντας,
391 917 611 980 οἰόνους
657 915 952 970 δικαιότατ’
998 915 1067 969 ἂν
1112 917 1463 985 καλούμενος.
1543 914 1669 986 περὶ
1716 912 1777 968 δὲ

11 1074 16 1077 ³
89 1001 415 1074 Ἀφροδίτης
461 1004 564 1058 οὐκ
609 1003 763 1068 ἄξιον
795 1002 1035 1076 εΗσιόδςο
1087 1003 1416 1071 ἀντιλέγειν,
1465 1003 1602 1056 ἀλλὰ
1649 1002 1775 1070 ξυγ-

93 1101 315 1162 χωρεῖν,
371 1091 454 1144 ὅτι
508 1093 600 1144 διὰ
645 1093 746 1160 τὴν
791 1099 890 1145 τοῦ
938 1092 1123 1162 ἀφροῦ
1170 1091 1387 1159 γένεσιν
1433 1089 1440 1162 l
1477 1086 1772 1161 Ἀφροδίτη
1804 1097 1845 1141 D
1918 1091 1921 1094 ’

94 1178 317 1248 ἐκλήθη.

239 1267 405 1322 ΕΡΜ.
490 1265 651 1320 Ἀλλὰ
711 1268 820 1336 μὴν
883 1266 1010 1320 οὐδ’
1072 1263 1309 1336 Ἀθηνᾶς
1358 1261 1650 1335 Ἀθηναῖός
1711 1262 1770 1333 γ’

93 1355 196 1423 ὥν,
252 1350 295 1408 ὦ
340 1355 656 1425 Σώκρατες,
712 1354 983 1423 ἐπιλήσει,
1040 1350 1167 1408 οὐδ’
1213 1352 1523 1423 Ἡφαίστου
1577 1372 1635 1406 τε
1683 1351 1775 1406 καὶ

83 1441 298 1514 Ἄρεως.

241 1529 358 1583 Σῼ.
423 1527 569 1583 Οὐδὲ
607 1532 751 1593 εἰκός
789 1549 865 1598 γε.

237 1616 402 1671 ΕΡΜ.
468 1617 550 1670 Οὐ
590 1618 710 1688 γάρ.

239 1702 355 1756 Σῼ.
414 1703 636 1758 Οὐκοῦν
666 1706 728 1758 τὸ
760 1702 860 1774 μὲν
891 1704 1079 1775 ἕτερον
1112 1705 1285 1773 ὄνομα
1318 1703 1484 1773 αὐτῆς
1516 1703 1583 1757 οὐ
1614 1708 1772 1774 χαλε-

90 1793 196 1845 πὸν
234 1793 407 1846 εἰπεῖν
448 1787 524 1845 δι’
569 1790 598 1844 ὃ
637 1800 823 1845 κεῖται.

236 1878 402 1932 ΕΡΜ.
471 1880 545 1931 Τὸ
585 1887 771 1942 ποῖον;

239 1965 354 2018 ΣΩ.
419 1966 686 2019 Παλλάδα
724 1983 833 2019 που
873 1966 1046 2035 αὐτὴν
1083 1971 1372 2035 καλοῦμεν.

237 2053 403 2106 ΕΡΜ.
465 2057 595 2116 Πῶς
634 2054 738 2123 γὰρ
779 2054 868 2117 οῦ;

239 2139 354 2193 ΣΩ.
424 2143 599 2193 Τοῦτο
646 2137 746 2208 μὲν
790 2142 982 2194 τοίνυν
1028 2140 1132 2194 ἀπὸ
1179 2148 1272 2209 τῆς
1320 2141 1379 2195 ἐν
1425 2148 1540 2205 τοῖς
1580 2143 1771 2206 ὅπλοις

90 2227 364 2298 ὀρχήσεως
397 2226 404 2298 Ι
437 2226 737 2297 ἡγούμενοι
782 2233 1013 2296 τεθῆναι
1058 2228 1241 2299 ὀρθῶς
1287 2230 1380 2297 ἄν,
1428 2230 1502 2292 ὡς
1547 2222 1770 2302 ἐγῷμαι,
1802 2241 1838 2285 Ε

88 2314 383 2384 ἡγοίμεθα·
421 2315 483 2368 τὸ
522 2315 627 2385 γάρ
666 2332 775 2368 που
813 2314 846 2383 ἢ
886 2315 1056 2368 αὑτὸν
1094 2316 1128 2383 ἤ
1167 2335 1218 2368 τι
1257 2317 1389 2370 ἄλλο
1430 2320 1770 2388 μετεωρίζειν

88 2401 122 2469 ἢ
178 2401 283 2455 ἀπὸ
337 2409 432 2470 τῆς
485 2408 585 2470 γῆς
637 2401 671 2470 ἢ
726 2401 786 2455 ἐν
839 2410 957 2465 ταῖς
1007 2401 1196 2473 χερσὶν
1240 2402 1246 2474 Ι
1287 2404 1514 2458 πάλλειν
1567 2424 1623 2459 τε
1676 2404 1768 2460 καὶ
1799 2420 1884 2460 407

87 2489 394 2541 πάλλεσθαι
431 2487 523 2542 καὶ
563 2489 747 2559 ὀρχεῖν
784 2488 874 2543 καὶ
914 2490 1200 2560 ὀρχεῖσθαι
1240 2495 1528 2563 καλοῦμεν.

234 2575 400 2629 ΕΡΜ.
463 2577 625 2629 Πάνυ
663 2574 763 2646 μὲν
802 2573 918 2631 οὗν.

240 2662 355 2716 ΣΩ.
420 2665 685 2717 Παλλάδα
724 2662 824 2734 μὲν
862 2668 1054 2719 τοίνυν
1093 2667 1275 2736 ταύτῃ.

232 2749 397 2804 ΕΡΜ.
438 2749 546 2803 Καὶ
570 2751 752 2821 ὀρθῶς
775 2772 851 2820 γε.
900 2753 1035 2807 ἀλλὰ
1060 2754 1127 2823 δὴ
1146 2755 1205 2807 τὸ
1224 2753 1410 2825 ἕτερον
1426 2762 1539 2815 πῶς
1562 2751 1758 2820 λέγεις;

234 2836 350 2890 ΣΩ.
420 2838 494 2890 Τὸ
534 2844 629 2906 τῆς
662 2836 926 2908 Ἀθηνᾶς;
1592 2913 1674 2960 14*
