2020 3198
125 203 182 251 39
814 196 1153 238 ΚΡΑΤΤΑΟΣ.
1694 190 1802 244 213

271 315 435 368 EPM.
499 314 663 366 Πάνυ
701 310 801 382 μὲν
839 308 956 366 οὗν.

278 401 392 454 ΣΩ.
459 396 546 453 Ἐκ
602 398 702 470 μὲν
759 395 862 453 οὗν
906 408 1017 452 τῶν
1061 404 1214 452 θεῶν
1258 401 1394 469 πρὸς
1439 404 1589 452 θεῶν
1636 398 1804 451 ἀπαλ-

129 493 410 558 λαγῶμεν,
467 489 540 551 ὡς
593 488 698 556 ἐγὼ
746 487 967 541 δέδοικα
1020 486 1145 557 περὶ
1198 484 1381 539 αὐτῶν
1429 485 1804 553 διαλέγεσθαι·

127 575 251 647 περὶ
302 574 362 630 δὲ
412 577 592 628 ἄλλων
633 571 711 628 ὧν
749 594 917 627 τινων
954 575 1143 642 βούλει
1177 573 1459 643 πρόβαλλέ
1493 594 1610 643 μοι,
1657 575 1805 642 ὄφρα

131 666 284 733 ἴδηαι
323 658 431 717 οἷοι
469 659 845 734 Εὐθύφρονος
883 663 1052 715 ἵπποι.

277 751 441 804 ΕΡΜ.
500 747 659 804 Ἀλλὰ
701 750 706 821 Ι
748 752 959 818 ποιήσω
998 757 1194 817 ταῦτα,
1234 751 1312 801 ἔτι
1350 769 1411 816 γε
1451 749 1511 801 ἓν
1550 747 1807 818 ἐρόμενός

130 852 191 892 σε
236 837 359 908 περὶ
401 836 629 908 Ἑρμοῦ,
685 837 869 906 ἐπειδή
923 857 987 906 με
1042 836 1134 890 καὶ
1180 837 1247 890 οὔ
1301 850 1473 905 φησιν
1519 836 1806 905 Κρατύλος

122 925 420 998 Ἑρμογένη
454 922 610 980 εἶναι.
642 927 958 996 πειρώμεθα
990 920 1092 978 οὗν
1122 926 1219 977 τὸν
1243 923 1447 995 Ἑρμῆν
1479 922 1807 990 σκέψασθαι,

131 1017 190 1067 τί
221 1013 314 1068 καὶ
353 1023 475 1067 νοεῖ
499 1015 561 1066 τὸ
602 1015 793 1082 ὄνομα,
826 1015 918 1066 ἴνα
949 1011 1040 1066 καὶ
1070 1013 1320 1081 εἰδῶμεν,
1360 1014 1412 1064 εἰ
1439 1010 1491 1065 τὶ
1523 1012 1615 1064 ὅδε
1648 1009 1807 1078 λέγει.

279 1100 395 1154 Σῼ.
469 1099 630 1154 Ἀλλὰ
686 1102 793 1169 μὴν
847 1102 1009 1154 τοῦτό
1062 1119 1124 1168 γε
1175 1102 1315 1153 ἔοικε
1365 1098 1489 1170 περὶ
1539 1101 1707 1166 λόγον
1755 1118 1808 1150 τι

133 1185 277 1244 εἶναι
325 1188 353 1242 ὁ
387 1187 608 1259 Ἑρμῆς,
648 1187 738 1241 καὶ
783 1190 844 1241 τὸ
885 1187 1119 1259 ἑρμηνέα
1165 1183 1308 1241 εἶναι
1343 1186 1435 1240 καὶ
1472 1188 1533 1239 τὸ
1574 1187 1808 1254 ἄγγελον

133 1276 224 1331 καὶ
269 1278 330 1329 τὸ
376 1278 640 1329 κλοπικόν
677 1295 733 1329 τε
779 1274 869 1329 καὶ
915 1277 976 1329 τὸ
1023 1275 1301 1344 ἀπατηλὸν
1343 1274 1349 1345 Ι
1392 1273 1451 1328 ἐν
1497 1277 1681 1342 λόγοις
1718 1273 1808 1327 καὶ

133 1367 194 1418 τὸ
236 1364 626 1434 ἀγοραστικόν,
665 1362 789 1435 περὶ
828 1366 997 1432 λόγου
1030 1365 1266 1432 δύναμίν
1305 1363 1452 1416 ἐστιν
1490 1370 1636 1415 πᾶσα
1674 1362 1809 1430 αὕτη

134 1453 168 1521 ἡ
202 1454 563 1523 πραγματεία·
604 1451 735 1522 ὅπερ
768 1446 870 1504 οὗν
900 1449 992 1504 καὶ
1024 1450 1083 1504 ἐν
1114 1459 1228 1513 τοῖς
1257 1452 1506 1519 πρόσθεν
1537 1449 1810 1519 ἐλέγομεν,

133 1542 196 1594 τὸ
246 1545 415 1610 εἴρειν
465 1542 634 1607 λόγου
683 1542 836 1609 χρεία
882 1538 1018 1607 ἐστί,
1069 1540 1129 1592 τὸ
1170 1537 1255 1606 δέ,
1303 1532 1424 1591 οἷον
1461 1536 1552 1591 καὶ
1577 1536 1813 1609 Ὅμηρος

135 1632 414 1696 πολλαχοῦ
459 1626 628 1694 λέγει,
680 1626 915 1695 ἐμήσατό
954 1638 1149 1694 φησιν,
1200 1632 1362 1677 τοῦτο
1404 1622 1463 1678 δὲ
1502 1629 1812 1695 μηχανήσα-

137 1718 277 1769 σθαί
311 1715 472 1768 ἐστιν.
552 1712 606 1777 ἐξ
646 1712 970 1782 ἀμφοτέρων
1009 1708 1112 1765 οὗν
1149 1712 1361 1764 τούτων
1398 1713 1496 1765 τὸν
1534 1714 1594 1765 τὸ
1633 1712 1813 1781 λέγειν

138 1823 194 1856 τε
251 1801 343 1856 καὶ
399 1803 496 1854 τὸν
554 1802 722 1868 λόγον
782 1799 1097 1867 μησάμενον
1146 1829 1218 1835 -
1270 1799 1352 1864 [τὸ
1405 1795 1464 1850 δὲ
1514 1798 1693 1865 λέγειν
1744 1800 1814 1866 δή

139 1891 286 1944 ἐστιν
341 1890 534 1959 εἴρειν]
581 1918 651 1924 -
697 1894 895 1939 τοῦτον
941 1887 1037 1939 τὸν
1082 1886 1220 1938 θεὸν
1270 1884 1502 1956 ὡσπερεὶ
1548 1885 1814 1939 ἐπιτάττει

138 1978 270 2046 ἡμῖν
317 1977 346 2029 ὁ
392 1973 719 2043 νομοθέτης·
769 1970 810 2026 ὦ
859 1974 1170 2042 ἄνθρωποι,
1218 1971 1278 2035 ὃς
1319 1972 1325 2042 1
1366 1974 1427 2025 τὸ
1474 1978 1642 2043 εἴρειν
1688 1973 1813 2042 ἐμή-

45 2097 57 2107 ‹
140 2079 300 2131 σατο,
342 2064 563 2124 δικαίως
602 2060 670 2113 ἂν
707 2065 927 2114 καλοῖτο
965 2060 1072 2113 ὑπὸ
1112 2059 1267 2128 ὑμῶν
1305 2058 1564 2129 Εἰρέμης·
1609 2068 1715 2113 νῦν
1754 2058 1813 2113 δὲ

139 2153 318 2221 ἡμεῖς,
373 2151 445 2212 ὡς
495 2150 751 2217 οἰόμεθα,
806 2150 1231 2211 καλλωπίζοντες
1284 2148 1343 2199 τὸ
1398 2148 1572 2216 ὄνομα
1611 2145 1814 2217 Ἑρμῆν

139 2244 425 2307 καλοῦμεν.
491 2236 603 2301 [καὶ
648 2238 680 2303 ἥ
714 2256 773 2303 γε
798 2229 925 2306 Ἶρις
957 2235 1060 2288 ἀπὸ
1092 2242 1191 2288 τοῦ
1222 2239 1390 2303 εἴρειν
1421 2237 1598 2288 ἔοικεν
1628 2240 1816 2303 κεκλη-

141 2326 294 2396 μένη,
336 2326 418 2378 ὅτι
457 2326 686 2392 ἄγγελος
722 2319 830 2391 ἦν]

287 2413 452 2465 ΕΡΜ.
507 2413 598 2479 Νὴ
646 2412 743 2464 τὸν
781 2413 918 2478 Διά,
965 2406 1027 2463 εὖ
1067 2411 1171 2479 ἄρα
1210 2429 1303 2478 μοι
1344 2411 1498 2463 δοκεῖ
1531 2411 1817 2480 Κρατύλος

142 2499 322 2568 λέγειν
367 2502 427 2552 τὸ
476 2496 566 2568 ἐμὲ
613 2499 685 2567 μὴ
726 2494 867 2551 εἶναι
898 2496 1221 2567 Ἑρμογένη·
1268 2497 1473 2551 οὔκουν
1512 2498 1817 2566 εὐμήχανός

141 2587 208 2655 γε’
243 2589 352 2655 εἰμι
392 2589 575 2653 λόγου.

290 2673 485 2726 XXIV.
551 2671 664 2724 Σῼ.
728 2672 838 2726 Καὶ
886 2675 947 2726 τό
997 2693 1058 2740 γε
1112 2674 1208 2724 τὸν
1265 2675 1427 2725 Πᾶνα
1475 2678 1574 2724 τοῦ
1617 2669 1818 2740 Ἑρμοῦ

143 2757 286 2815 εἶναι
324 2762 450 2813 υίὸν
491 2761 663 2827 διφυῆ
705 2762 813 2828 ἔχει
853 2761 914 2813 τὸ
955 2762 1115 2826 εἰκός,
1157 2756 1198 2811 ὦ
1239 2758 1429 2829 ἑταῖρε.

289 2847 452 2900 ΕΡΜ.
516 2850 645 2908 Πῶς
679 2844 685 2917 Ι
721 2847 811 2914 δή;

1837 750 1876 794 Ε

1839 1280 1927 1321 408
