2020 3198
824 201 1065 246 ΦΑΙΔῼΝ.
1683 199 1786 252 169

106 322 344 391 χαίρειν,
391 315 465 385 ὥς
513 318 838 391 ἀλλοτρίους
875 339 933 374 τε
973 316 1160 388 ὄντας,
1206 318 1299 373 καὶ
1337 318 1506 373 πλέον
1544 315 1788 390 θάτερον

21 416 32 419 “
106 406 453 478 ἡγησάμενος
492 405 921 479 ἀπεργάζεσθαι,
965 405 1064 470 τὰς
1110 404 1171 461 δὲ
1208 404 1332 475 περὶ
1370 403 1433 461 τὸ
1473 403 1788 477 μανθάνειν

109 495 421 551 έσπούὸασέ
463 516 519 550 τε
556 494 649 549 καὶ
685 492 966 564 κοσμήσας
1010 491 1113 564 τὴν
1152 491 1336 564 ψυχὴν
1376 490 1478 548 οὐκ
1516 492 1787 568 ἀλλοτρίῳ

109 581 250 638 ἀλλὰ
285 585 362 659 τῷ
403 581 575 653 αὐτῆς
612 581 818 656 κόσμῳ,
859 580 1198 653 σωφροσύνῃ
1237 602 1295 636 τε
1332 581 1424 636 καὶ
1460 581 1788 654 δικαιοσύνῃ

107 670 201 726 καὶ
239 668 472 744 ἀνδρείᾳ
509 669 602 725 καὶ
642 671 930 743 ἐλευθερίᾳ
968 668 1060 723 καὶ
1095 671 1103 739 Ι
1136 667 1399 743 ἀληθείᾳ,
1449 667 1593 725 οὕτω
1640 685 1877 742 περι-115

108 759 262 830 μένει
299 757 403 830 τὴν
442 761 520 824 εἰς
543 755 741 813 Ἅιδου
786 761 1041 829 πορειάν,
1089 754 1162 822 ὥς
1207 758 1615 829 πορευσόμενος
1653 756 1789 813 ὅταν

108 846 142 919 ἡ
183 848 482 919 εἱμαρμένη
521 849 676 919 καλῇ.
751 843 908 916 ὑμεῖς
947 844 1048 916 μὲν
1096 838 1246 916 οὖν,’
1294 849 1425 917 ἔφη,
1473 839 1535 901 εὦ
1575 850 1790 917 Σιμμία

107 956 165 991 τε
201 935 292 990 καὶ
332 935 515 1005 Κέβης
552 933 645 988 καὶ
685 935 744 989 οἱ
780 931 964 1003 ἄλλοι,
1011 936 1089 998 εἰς
1135 926 1304 998 αὖθις
1349 937 1410 988 ἔν
1455 955 1561 989 τινι
1604 933 1788 1010 χρόνῳ

109 1024 327 1079 ἕκαστοι
364 1021 731 1095 πορεύσεσθε·
781 1020 873 1091 ἐμὲ
920 1020 982 1077 δὲ
1019 1023 1126 1076 νῦν
1164 1019 1273 1092 ἤδη
1313 1026 1491 1092 καλεῖ,
1539 1027 1676 1093 φαίη
1717 1018 1790 1078 ἀν

108 1108 254 1183 ἀνὴρ
293 1109 575 1183 τραγικός,
621 1108 655 1180 ἡ
704 1109 1029 1181 εἱμαρμένη,
1077 1108 1168 1163 καὶ
1208 1108 1409 1180 σχεδόν
1446 1112 1506 1163 τί
1539 1132 1633 1180 μοι
1673 1108 1791 1183 ὥρα

108 1199 417 1271 τραπέσθαι
462 1196 600 1269 πρὸς
643 1196 705 1253 τὸ
761 1195 1024 1269 λουτρόν·
1080 1199 1235 1251 δοκεῖ
1283 1196 1392 1268 γὰρ
1447 1195 1516 1268 δὴ
1570 1199 1790 1269 βέλτιον

110 1283 255 1342 εἶναι
306 1285 654 1357 λουσάμενον
701 1295 847 1340 πιεῖν
892 1283 954 1340 τὸ
1003 1285 1295 1356 φάρμακον
1348 1286 1441 1340 καὶ
1494 1284 1568 1358 μὴ
1622 1285 1791 1359 πράγ-

110 1395 253 1445 ματα
289 1386 409 1439 ταῖς
445 1374 664 1445 γυναιξὶ
701 1374 958 1446 παρέχειν
997 1371 1199 1444 νεκρὸν
1237 1372 1461 1429 λούειν.’

257 1464 446 1519 LXIV.
528 1465 712 1517 Ταῦτα
774 1460 843 1532 δὴ
907 1460 1159 1527 εἰπόντος
1220 1460 1393 1518 αὐτοῦ
1457 1460 1486 1519 ὁ
1541 1467 1790 1535 Κρίτων

111 1548 280 1621 ἐἷενξ
315 1553 323 1623 Ι
358 1554 488 1622 ἔφη,
529 1543 592 1606 εὦ
632 1549 945 1623 Σώκρατες·
995 1554 1051 1605 τί
1087 1549 1149 1605 δὲ
1186 1548 1403 1616 τούτοις
1440 1546 1475 1621 ἢ
1517 1551 1639 1622 ἐμοὶ
1677 1553 1847 1607 ἐπι-Β

111 1640 349 1705 στέλλεις
393 1636 429 1710 ἢ
477 1638 601 1711 περὶ
647 1640 759 1694 τῶν
805 1641 1021 1694 παίδων
1066 1634 1102 1709 ἢ
1142 1639 1266 1711 περὶ
1312 1638 1487 1695 ἄλλου
1530 1658 1656 1711 του,
1705 1638 1789 1695 ὅτι

110 1726 182 1782 ἄν
223 1743 312 1783 σοι
350 1730 641 1792 ποιοῦντες
690 1724 845 1798 ἡμεῖς
890 1728 950 1781 έν
996 1724 1175 1797 χάριτι
1214 1725 1450 1797 μάλιστα
1487 1729 1788 1799 ποιοῖμεν;’

111 1813 266 1888 εἅπερ
306 1813 392 1871 ἀεὶ
430 1815 611 1885 λέγω,’
652 1818 783 1886 ἔφη,
831 1808 894 1870 ‘AE
934 1819 1186 1886 Κρίτων,
1234 1812 1401 1870 οὐδὲν
1439 1814 1790 1887 καινότερον·

110 1901 197 1960 ὅτι
248 1901 408 1974 ὑμῶν
462 1901 648 1958 αὐτῶν
702 1901 1121 1973 ἐπιμελούμενοι
1174 1900 1330 1974 ὑμεῖς
1382 1903 1474 1958 καὶ
1529 1904 1650 1974 ἐμοὶ
1697 1904 1790 1959 καὶ

110 2000 224 2057 τοῖς
279 1993 428 2062 ἐμοῖς
480 1990 573 2045 καὶ
621 1987 755 2061 ὑμῖν
802 1987 991 2055 αὐτοῖς
1037 1992 1096 2046 ἐν
1142 1989 1323 2063 χάριτι
1368 1990 1623 2062 ποιήσετε
1669 1989 1784 2046 ἅττ’

111 2075 183 2133 ἀν
229 2081 445 2149 ποιῆτε,
498 2073 604 2132 κᾶν
652 2075 725 2148 μὴ
770 2080 878 2132 νῦν
933 2075 1331 2148 ὁμολογήσητε·
1378 2077 1476 2134 ἐὰν
1524 2078 1587 2134 δὲ
1631 2076 1789 2150 ὑμῶν

112 2166 213 2237 μὲν
261 2164 445 2222 αὐτῶν
492 2164 726 2236 ἀμελῆτε
771 2165 864 2220 καὶ
909 2163 981 2236 μὴ
1028 2166 1226 2236 θέλητε
1274 2164 1455 2238 ὥσπερ
1502 2165 1619 2222 κατ’
1663 2173 1788 2238 ἴχνη

110 2252 246 2308 κατὰ
297 2251 364 2308 τὰ
413 2255 521 2308 νῦν
569 2274 627 2308 τε
677 2253 937 2325 εἰρημένα
985 2253 1078 2307 καὶ
1126 2252 1192 2308 τὰ
1245 2255 1304 2309 ἐν
1349 2258 1425 2330 τῷ
1473 2258 1789 2327 ἔμπροσθεν

110 2340 293 2418 χρόνῳ
335 2344 450 2413 ζῆν,
491 2339 625 2397 οὐδὲ
663 2339 761 2396 ἐὰν
796 2339 971 2396 πολλὰ
1004 2338 1379 2413 ὁμολογήσητε
1413 2344 1421 2414 Ι
1456 2344 1516 2399 ἐν
1547 2346 1621 2418 τῷ
1654 2352 1838 2414 παρ-Ο

112 2430 236 2486 όντι
271 2429 363 2486 καὶ
402 2428 641 2502 σφόδρα,
681 2427 849 2485 οὐδὲν
888 2430 1056 2485 πλέον
1095 2429 1382 2501 ποιήσετε.’
1458 2432 1650 2486 εταῦτα
1688 2430 1790 2502 μὲν

110 2522 306 2573 τοίνυν
337 2516 938 2590 προθυμηθησόμεθα,’
972 2521 1096 2589 ἔφη,
1133 2515 1298 2573 (οὕτω
1329 2529 1531 2574 ποιεῖν·
1569 2518 1788 2574 θάπτω-

111 2625 212 2676 μεν
252 2603 317 2659 ὃέ
351 2618 413 2659 σε
449 2608 575 2659 τίνα
612 2603 866 2677 τρόπον;’
915 2603 1081 2670 ‘gne-oc,-
1120 2604 1236 2675 ἅν,’
1284 2608 1415 2677 ἔφη,
1467 2608 1787 2677 εβούλησθε,

112 2691 312 2764 ἐάνπερ
350 2713 412 2761 γε
449 2691 654 2762 λάβητέ
689 2714 754 2763 με
799 2694 890 2748 καὶ
929 2693 1002 2764 μὴ
1043 2692 1265 2764 ἐκφύγω
1303 2691 1479 2764 ὑμᾶς’
1555 2693 1790 2765 γελάσας

111 2780 173 2836 δὲ
212 2778 324 2851 ἅμα
369 2776 546 2850 ἡσυχῇ
592 2778 683 2834 καὶ
728 2778 866 2851 πρὸς
911 2778 1055 2851 ἡμᾶς
1102 2778 1417 2850 ἀποβλέψας
1457 2778 1630 2836 εἶπεν·
1700 2778 1787 2835 ‘oi'

106 2874 313 2936 πείθω,
360 2861 404 2923 ὦ
444 2865 671 2939 ἄνδρες,
722 2871 1005 2939 Κρίτωνα,
1053 2865 1127 2934 ὥς
1167 2867 1272 2939 ἐγώ
1314 2871 1423 2938 εἰμι
1464 2861 1626 2933 οὗτος
1664 2873 1774 2922 Σω-
