2020 3198
266 178 372 232 170
937 183 1274 227 ΠΛΑΤΩΝΟΣ

260 295 488 369 κράτης,
538 295 567 354 6
615 299 745 356 νυνὶ
793 299 1185 372 διαλεγόμενος
1225 300 1322 358 ’καὶ
1370 301 1676 360 διατάττων
1715 304 1946 362 ἕκαστον

259 388 373 441 τῶν
411 388 746 459 λεγομένων,
787 387 909 444 ἄλλ’
954 394 1131 446 οἴεταί
1157 412 1224 462 με
1255 392 1469 447 ἐκεῖνον
1503 389 1670 462 εἶναι,
1710 390 1779 449 ὃν
1820 391 1948 461 ὅψε-

202 480 350 530 Βται
397 472 590 546 ὀλίγον
637 474 872 550 ὕστερον
916 477 1144 551 νεκρόν,
1191 478 1284 534 καὶ
1332 481 1509 551 ἐρωτᾷ
1543 483 1551 552 Ι
1587 479 1683 552 δή,
1721 483 1837 548 πῶς
1882 503 1948 553 με

259 561 463 635 θάπτῃ.
540 561 625 619 ὅτι
680 564 742 621 δὲ
795 563 900 636 ἐγώ
956 565 1126 622 πάλαι
1177 565 1358 623 πολὺ-ν
1411 566 1584 639 λόγον
1629 573 1946 641 πεποίημαι,

261 647 351 721 ὡς,
393 650 617 707 ἐπειδὰν
655 657 762 709 πίω
798 653 860 709 τὸ
896 654 1209 727 φάρμακον,
1250 654 1435 712 οὐκέτι
1465 653 1600 727 ὑμῖν
1631 661 1948 730 παραμενῶ,

260 738 380 796 ἀλλ’
433 740 728 813 οἰχήσομαι
774 741 956 799 άπιων
1011 746 1089 810 εἰς
1135 743 1400 816 μακάρων
1447 744 1518 817 δή
1563 767 1719 812 τινας
1763 745 1947 803 εὐδαι-

259 833 482 900 μονίας,
535 829 708 886 ταῦτά
753 853 850 902 μοι
897 834 1043 887 δοκῶ
1092 829 1240 907 αὐτῷ
1289 831 1469 899 ἄλλως
1514 835 1722 907 λέγειν,
1775 853 1946 908 παρα-

259 916 617 989 μυθούμενος
663 917 776 990 ἅμα
823 918 924 990 μὲν
963 917 1132 991 ὑμᾶς,
1180 918 1293 991 ἅμα
1332 919 1384 975 δ’
1429 921 1683 993 ἐμαυτόν.
1753 923 1948 995 ἐγγυή-

259 1013 437 1061 σασθε
491 999 596 1063 οὖν
651 1029 718 1079 με
769 1006 909 1080 πρὸς
961 1010 1270 1079 Κρίτωνα,’
1326 1012 1457 1081 ἔφη,
1514 1008 1636 1082 “τὴν
1687 1012 1947 1068 ἐναντίαν

260 1094 466 1166 ἐγγύην
529 1091 563 1166 ἢ
619 1093 690 1167 ἣν
752 1088 916 1162 οὗτος
975 1094 1113 1169 πρὸς
1172 1095 1305 1163 τοὺς
1366 1095 1628 1163 δικαστὰς
1687 1096 1946 1170 ἠγγυᾶτο.

259 1175 423 1248 οὗτος
469 1183 570 1254 μὲν
617 1182 724 1257 γὰρ
778 1177 814 1255 ἧ
869 1182 979 1255 μὴν
1032 1195 1391 1258 παραμενεῖν·
1446 1183 1603 1258 ὑμεῖς
1647 1186 1711 1243 δὲ
1754 1181 1789 1258 ἦ
1837 1186 1946 1260 μὴν

259 1269 332 1341 μὴ
371 1282 710 1342 παραμενεῖν
758 1271 1135 1345 ἐγγυήσασθε,
1185 1272 1411 1329 ἐπειδὰν
1458 1272 1759 1347 ἀποθάνω,
1805 1274 1946 1333 αλλὰ

201 1358 267 1433 ΕΙ
296 1358 626 1431 οἰχήσεσθαι
665 1357 918 1432 ἀπιόντα,
957 1363 1053 1416 ίνα
1091 1365 1319 1434 Κρίτων
1358 1384 1500 1435 ραον
1539 1364 1700 1437 φέρῃ,
1739 1365 1831 1421 καὶ
1871 1364 1944 1437 μὴ

259 1444 410 1519 ὅρων
464 1469 574 1518 μου
626 1447 689 1504 τὸ
746 1464 905 1519 σωμα
952 1445 986 1520 ἢ
1033 1449 1334 1521 καιόμενον
1380 1447 1416 1521 ἢ
1469 1452 1945 1526 κατορυττόμενον

256 1534 538 1609 ἀγανακτῇ
578 1534 717 1609 ὑπὲρ
759 1539 895 1608 ἐμοῦ
936 1535 1010 1602 ὡς
1049 1537 1205 1593 δεινὰ
1253 1537 1589 1611 πάσχοντος,
1636 1541 1776 1612 μηδε
1813 1543 1944 1616 λέγῃ

258 1626 318 1680 ἐν
355 1628 422 1697 τῇ
463 1628 639 1698 ταφῇ,
688 1623 764 1691 ὡς
809 1622 844 1696 ἢ
891 1630 1215 1732 προτίθεται
1255 1627 1531 1699 Σωκράτη
1577 1625 1612 1700 ἢ
1653 1631 1871 1703 ἐκφέρει
1908 1628 1943 1703 ἢ

255 1712 589 1785 κατορύττει.
651 1707 715 1769 εὗ
753 1736 860 1787 γαρ
901 1716 1062 1785 ἰ’σθι,’
1102 1717 1137 1785 ἠ
1171 1712 1223 1769 δ’
1261 1712 1339 1785 ὅς,
1380 1716 1442 1770 ω
1477 1714 1667 1789 ἄριστε
1697 1723 1943 1791 Κρίτων,

254 1801 316 1858 τὸ
357 1801 430 1873 μὴ
470 1805 650 1868 καλῶς
696 1803 879 1874 λέγειν
927 1801 996 1859 οὐ
1041 1801 1222 1875 μόνον
1261 1806 1339 1869 εἰς
1378 1801 1512 1860 αὐτὸ
1559 1807 1725 1862 τοῦτο
1770 1813 1943 1879 πλημ-

255 1890 436 1960 μελές,
483 1888 623 1946 ἀλλὰ
669 1891 762 1946 καὶ
800 1890 974 1947 κακόν
1011 1912 1066 1946 τι
1105 1893 1322 1962 ἐμποιεῖ
1354 1901 1474 1958 ταῖς
1510 1902 1726 1966 ψυχαῖς.
1801 1892 1942 1951 ἀλλὰ

253 1986 492 2052 θαρρεῖν
529 1999 589 2035 τε
626 1978 729 2052 χρὴ
769 1979 861 2035 καὶ
901 1978 1079 2051 φάναι
1115 1977 1328 2051 τούμὸν
1369 1982 1527 2052 σῶμα
1564 1980 1820 2054 θάπτειν,
1850 1984 1944 2040 καὶ

171 2065 492 2123 116θάπτειν
541 2065 740 2138 οὕτως,
776 2072 783 2136 Ι
820 2066 967 2133 ὅπως
1013 2066 1085 2130 ἅν
1131 2083 1222 2123 σοι
1268 2071 1437 2139 φίλον
1486 2062 1523 2142 ᾖ
1568 2070 1662 2125 καὶ
1707 2070 1943 2143 μάλιστα

253 2153 361 2228 ἡγῇ
401 2154 642 2226 νόμιμον
682 2154 860 2211 εἷναι.’

401 2246 561 2301 LXV.
659 2243 825 2301 Ταῦτ’
884 2245 1057 2302 εἰπών
1117 2247 1327 2313 ἐκεῖνος
1387 2247 1489 2318 μὲν
1549 2246 1811 2304 ἀνίστατο
1865 2253 1944 2315 είς

256 2331 456 2402 οἴκημά
495 2353 548 2386 τι
588 2330 661 2398 ὥς
699 2332 1058 2404 λουσόμενος,
1096 2334 1190 2389 καὶ
1230 2332 1259 2389 ὁ
1291 2339 1518 2404 Κρίτων
1557 2338 1736 2391 εἵπετο
1772 2333 1941 2412 αὐτῷ,

253 2417 397 2490 ἡμᾶς
444 2417 496 2474 δ’
548 2421 761 2476 ἐκέλευε
805 2424 1136 2494 περιμένειν.
1212 2423 1607 2494 περιεμένομεν
1653 2416 1759 2479 οὖν
1803 2421 1943 2496 πρὸς

254 2506 397 2578 ἡμᾶς
451 2505 655 2572 αὐτοὺς
710 2508 1100 2580 διαλεγόμενοι
1153 2510 1278 2581 περὶ
1331 2513 1445 2566 τῶν
1499 2511 1807 2584 εἰρημένων
1849 2511 1943 2567 καὶ

255 2595 721 2667 ἄνασκοποῦντες,
758 2596 882 2653 τοτὲ
914 2596 966 2652 δ’
1004 2591 1075 2653 αὖ
1107 2598 1232 2670 περὶ
1263 2601 1361 2669 τῆς
1393 2599 1680 2674 ξυμφορᾶς
1712 2599 1942 2667 διεξιόν-

253 2705 358 2754 τες,
398 2682 500 2754 ὅση
540 2681 675 2754 ἡμῖν
704 2695 971 2756 γεγονυῖα
1009 2692 1113 2757 εἴη,
1152 2683 1393 2757 ἀτεχνῶς
1423 2684 1727 2760 ἡγούμενοι
1759 2686 1942 2760 ὥσπερ

253 2770 458 2844 πατρὸς
498 2772 858 2844 στερηθέντες
897 2772 1108 2840 διάξειν
1156 2772 1400 2847 ὀρφανοὶ
1438 2774 1538 2832 τὸν
1578 2780 1762 2833 ἔπειτα
1798 2781 1942 2848 βίον.

199 2859 442 2932 Βέπειδὴ
484 2860 546 2916 δὲ
585 2859 852 2917 ἐλούσατο
886 2868 896 2932 Ι
928 2861 1022 2918 καὶ
1066 2860 1278 2933 ἠνέχθη
1326 2862 1456 2936 παρ’
1502 2863 1676 2921 αὐτὸν
1715 2863 1780 2921 τὰ
1821 2883 1943 2921 παι-
