2020 3198
96 208 150 248 19
769 204 1110 247 ΚΡΑΤΤΛΟΣ.
1669 201 1774 255 193

90 330 157 393 τῇ
199 319 261 376 δὲ
317 323 547 391 δυνάμει
592 323 794 376 ταύτὸν
839 324 1209 392 φθεγγόμενα.
1300 323 1554 391 φαίνεται
1601 321 1775 385 οὕτως

41 403 53 406 “
91 409 126 479 ἢ
166 410 260 474 οὔ;

238 498 402 551 ΕΡΜ.
482 500 645 552 Πάνυ
680 496 781 568 μὲν
815 502 822 564 1
857 494 974 552 οὖν.
1803 495 1843 538 D

241 585 356 639 Σῼ.
441 590 568 650 Τοῖς
621 584 720 656 μὲν
775 587 843 655 δὴ
896 587 1032 640 κατὰ
1086 586 1260 654 φύσιν
1311 584 1659 654 γιγνομένοις
1707 587 1773 638 τὰ

91 675 230 727 αὐτὰ
269 674 572 728 ἀποδοτέον
612 674 865 743 ὀνόματα.

239 762 402 816 ΕΡΜ.
482 763 645 815 Πάνυ
683 782 759 830 γε.
1256 795 1257 798 =

237 849 395 904 XIV.-
452 849 567 903 ΣΩ.
637 853 708 903 Τί
742 847 802 904 δὲ
840 858 955 912 τοῖς
993 843 1140 920 παρὰ
1179 849 1370 918 φύσιν,
1411 851 1469 902 οἳ
1500 848 1568 902 ἂν
1600 848 1660 902 έν
1690 848 1772 902 τέ·

16 988 18 990 ,
90 957 253 1008 ρατος
291 940 426 992 εἴδει
455 937 747 1007 γένωνται;
791 931 913 992 οἷον
946 938 1078 991 ὅταν
1111 936 1164 1002 ἐξ
1198 937 1400 1007 ἀνδρὸς
1433 937 1651 1004 ἀγαθοῦ
1682 935 1773 990 καὶ

88 1028 390 1095 θεοσεβοῦς
445 1026 645 1096 ἀσεβὴς
697 1025 945 1095 γένηται,
1009 1021 1096 1096 ἀρ’
1156 1025 1255 1095 οὐχ
1283 1058 1285 1060 -
1310 1026 1490 1095 ὥσπερ
1545 1024 1605 1077 ἐν
1657 1033 1772 1087 τοῖς

89 1115 429 1183 ἔμπροσθεν,
475 1113 579 1168 κᾶν
618 1115 781 1178 ἵππος
818 1115 949 1183 βοὸς
987 1115 1216 1182 ἔκγονον
1254 1112 1406 1183 τέκῃ,
1447 1113 1514 1166 οὐ
1551 1121 1653 1166 τοῦ
1689 1132 1771 1166 τε-

90 1203 284 1263 κόντος
323 1202 503 1270 δήπου
542 1203 653 1255 ἔδει
679 1202 792 1270 ,τὴν
830 1200 1147 1270 ἐπωνυμίαν
1185 1202 1347 1270 ἔχειν,
1388 1200 1525 1254 ἀλλὰ
1554 1207 1654 1253 τοῦ
1684 1199 1770 1268 γε’-

67 1308 224 1358 ινους
263 1283 330 1341 οὗ
370 1293 478 1358 εἴης

237 1376 404 1431 ΕΡΜ.
481 1378 644 1430 Πάνυ
683 1396 758 1444 γε.

238 1463 354 1517 ΣΩ.
430 1463 541 1517 Καὶ
593 1470 668 1535 τῷ
723 1463 782 1517 ἐκ
822 1469 829 1528 Ι
869 1471 969 1516 τοῦ
1023 1463 1284 1531 εὐσεβοῦς
1339 1464 1444 1533 ἄρα
1492 1463 1769 1537 γενομένῳ
1802 1476 1838 1519 Ε

91 1551 280 1621 ἀσεβεῖ
313 1553 374 1605 τὸ
413 1558 513 1605 τοῦ
551 1551 747 1620 γένους
786 1551 962 1620 ὄνομα
992 1549 1317 1604 ἀποδοτέον.

236 1639 402 1693 ΕΡΜ.
464 1639 619 1693 ’Ἐστι
656 1647 841 1693 ταῦτα.’

238 1727 353 1782 ΣΩ.
434 1729 516 1782 Οὐ
561 1731 862 1797 Θεόφιλον,
913 1729 987 1790 ὡς
1024 1729 1227 1795 ἔοικεν,
1268 1724 1399 1780 οὐδὲ
1437 1729 1769 1796 Μνησίθεον

90 1814 220 1870 οὐδὲ
264 1827 375 1871 τῶν
420 1818 689 1870 τοιούτων
729 1815 922 1870 οὐδέν·
971 1814 1088 1869 ἀλλ’
1135 1816 1218 1868 ὅτι
1255 1816 1516 1869 τάναντία
1552 1817 1769 1879 τούτοις

90 1907 366 1974 σημαίνει,
415 1904 613 1975 ἐάνπερ
652 1910 748 1972 τῆς
787 1904 1089 1974 ὀρθότητος
1127 1904 1368 1973 τυγχάνῃ
1407 1904 1473 1956 τά
1512 1902 1766 1973 ὀνόματα.

236 1991 399 2045 ΕΡΜ.
479 1993 698 2054 Παντός
735 2010 796 2059 γε
836 1994 1069 2060 μᾶλλον,
1110 1987 1152 2044 ὦ
1191 1992 1494 2061 Σώκρατες.

239 2078 353 2131 Σῼ.
417 2076 622 2150 ’Ὠσπερ
675 2098 737 2147 γε
789 2077 882 2133 καὶ
933 2078 962 2132 ὁ
1011 2076 1292 2149 Ὀρέστης,
1347 2075 1389 2132 ὦ
1429 2077 1766 2149 Ἑρμόγενες,

89 2167 401 2220 κινδυνεύει
446 2166 628 2237 ὀρθῶς
667 2168 835 2236 ἔχειν,
882 2171 988 2220 εἴτε
1027 2186 1108 2230 τις
1145 2167 1280 2236 τύχη
1320 2169 1479 2219 ἔθετο
1519 2166 1666 2238 αὐτῷ
1704 2168 1766 2220 τὸ

90 2255 264 2323 ὄνομα
311 2259 418 2308 εἴτε
459 2253 550 2308 καὶ
587 2257 814 2324 ποιητής
850 2274 955 2323 τις,
1002 2256 1063 2307 τὸ
1102 2255 1378 2325 θηριῶδες
1414 2261 1510 2323 τῆς
1549 2255 1792 2324 φύσεως·

86 2341 181 2395 καὶ
217 2343 278 2396 τὸ
319 2343 515 2413 ἄγριον
554 2342 725 2395 αὐτοῦ
762 2340 854 2395 καὶ
891 2343 953 2395 τὸ
993 2341 1212 2413 ὀρεινὸν
1244 2341 1660 2412 ἐνδεικνύμενος
1691 2350 1764 2416 τῷ

89 2429 329 2499 ὀνόματι.

235 2517 399 2571 ΕΡΜ.
481 2519 741 2571 Φαίνεται
775 2518 783 2587 Ι
818 2518 1019 2586 οὕτως,
1061 2515 1102 2571 ὦ
1142 2519 1445 2589 Σώκρατες.
1796 2531 1881 2572 395

240 2602 354 2658 Σῼ.
424 2604 640 2659 ’Έοικεν
694 2604 759 2660 δέ
806 2625 868 2673 γε
920 2605 1012 2659 καὶ
1064 2613 1139 2679 τῷ
1192 2605 1355 2677 πατρὶ
1410 2606 1580 2660 αὐτοῦ
1630 2607 1765 2661 κατὰ

89 2692 264 2760 φύσιν
302 2693 363 2745 τὸ
404 2693 577 2760 ὄνομα
615 2688 770 2746 εἶναι.

237 2777 403 2832 ΕΡΜ.
485 2782 756 2834 Φαίνεται.

240 2865 355 2920 ΣΩ..
424 2867 754 2922 Κινδυνεύει
787 2869 893 2939 γὰρ
924 2871 1170 2931 τοιοῦτός
1199 2887 1281 2931 τις
1313 2865 1454 2922 εἶναι
1486 2869 1515 2921 ὁ
1543 2867 1761 2937 Ἀγαμέ-

67 2951 81 2960 ’·
170 2946 306 2983 PnATo
331 2951 351 2984 1
1313 2958 1365 2998 13
