2020 3198
248 204 320 257 58
915 204 1252 248 ΠΛΑΤῼΝΟΣ

249 319 318 376 οὐ
369 319 476 394 γὰρ
533 325 712 392 ἔστιν,
773 324 825 377 εἰ
876 320 949 393 μὴ
1005 319 1114 394 ἄρα
1169 318 1306 376 ὅσον
1359 316 1433 375 ἄν
1486 317 1592 391 ἐγῶ
1649 321 1926 390 δυναίμην
2006 308 2020 379 Ξ

248 410 481 479 ἐκτῖσαι,
519 408 791 465 τοσούτου
836 408 1117 479 βούλεσθέ
1159 430 1254 479 μοι
1297 410 1535 479 τιμῆσαι.
1589 413 1723 473 ἴσως
1761 404 1814 462 δ’
1857 403 1928 462 ἂν
2003 379 2020 445 3

249 501 529 570 δυναίμην
566 499 772 553 ἐκτῖσαι
809 495 943 568 ὑμῖν
983 499 1129 567 μνᾶν
1176 494 1468 569 ἀργυρίου·
1513 492 1786 551 τοσούτου
1823 485 1928 549 οὖν
2004 499 2006 501 ’

248 588 502 657 τιμῶμαι.
577 583 819 641 Πλάτων
865 584 928 640 δὲ
973 582 1094 655 ὅδε,
1143 577 1187 640 ῶ
1234 582 1435 656 ἄνδρες
1475 581 1791 654 Ἀθηναῖοι,
1835 582 1928 637 καὶ
2001 609 2020 660 53

248 678 472 746 Κρίτων
509 674 602 728 καὶ
640 672 1021 746 Κριτόβουλος
1057 673 1150 727 καὶ
1190 669 1605 743 Ἀπολλόδωρος
1639 669 1932 727 κελεύουσί
2003 662 2020 735 T}

248 783 314 833 με
350 759 649 834 τριάκοντα
687 763 843 831 μνῶν
881 760 1247 831 τιμήσασθαι,
1294 757 1455 815 αὐτοὶ
1494 757 1547 815 δ’
1597 761 1927 830 ἐγγυᾶσθαι·
2015 799 2020 804 -

245 852 485 921 τιμῶμαι
525 842 628 905 οὖν
666 848 963 918 τοσούτου,
1003 847 1262 919 ἐγγυηταὶ
1301 845 1363 903 δὲ
1393 845 1530 919 ὑμῖν
1569 851 1789 903 ἔσονται
1825 849 1927 903 τοῦ

197 949 231 995 C
248 935 522 1010 ἀργυρίου
561 930 716 992 οὗτοι
744 936 750 1010 Ι
777 934 1058 1008 ἀξιόχρεω.
2004 921 2020 930 ⁴

394 1204 590 1259 XXIX.
668 1200 752 1257 Οὐ
790 1204 1002 1257 πολλοῦ
1048 1199 1101 1272 γ’
1153 1202 1312 1257 ἕνεκα
1357 1198 1591 1273 χρόνου,
1638 1193 1682 1256 ὦ
1728 1198 1930 1273 ἄνδρες

242 1290 557 1363 Ἀθηναῖοι,
599 1289 778 1362 ὄνομα
801 1290 943 1357 ἕξετε
965 1289 1059 1344 καὶ
1083 1292 1266 1345 αἰτίαν
1289 1287 1395 1346 ὑπὸ
1427 1292 1539 1345 τῶν
1570 1289 1928 1360 βουλομένων

226 1378 348 1451 ἱτὴν
386 1379 551 1435 πόλιν
589 1382 895 1451 λοιδορεῖν,
936 1375 1010 1443 ῶς
1059 1376 1320 1450 Σωκράτη
1360 1375 1709 1447 άπεκτόνατε,
1748 1375 1929 1449 ἄνδρα

247 1466 452 1540 σοφόν·
506 1465 751 1537 φήσουσι
794 1466 903 1538 γὰρ
951 1469 1020 1536 δή
1068 1487 1134 1536 με
1178 1463 1361 1536 σοφὸν
1407 1462 1576 1536 εἶναι,
1623 1468 1675 1521 εἰ
1715 1465 1810 1520 καὶ
1854 1463 1928 1536 μή

247 1559 383 1626 εἰμι,
418 1556 475 1609 οἱ
495 1552 829 1624 βουλόμενοι
852 1551 987 1623 ὑμῖν
1013 1550 1318 1618 ὀνειδίζειν.
1353 1555 1405 1607 εἰ
1427 1545 1532 1608 οὖν
1555 1557 1930 1625 περιεμείνατε

248 1644 443 1715 ὀλίγον
489 1640 722 1714 χρόνον,
769 1639 877 1697 ἀπὸ
924 1643 1025 1696 τοῦ
1080 1637 1397 1710 αὐτομάτου
1450 1636 1521 1695 ἂν
1575 1638 1710 1712 ὑμῖν
1761 1643 1926 1697 τοῦτο

249 1733 486 1805 ἐγένετο·
534 1728 699 1802 ὁρᾶτε
736 1727 842 1802 γὰρ
891 1728 959 1800 δὴ
1008 1727 1110 1800 τὴν
1155 1726 1403 1799 ἡλικίαν,
1452 1726 1538 1783 ὅτι
1582 1730 1773 1802 πόρρω
1818 1728 1927 1801 ἤδη
2004 1723 2006 1729 ’

249 1820 364 1876 ἐστὶ
400 1822 501 1875 τοῦ
540 1823 694 1889 βίου,
739 1816 994 1873 θανάτου
1041 1816 1103 1872 δὲ
1143 1815 1318 1887 ἐγγύς.
1374 1816 1515 1887 λέγω
1555 1816 1618 1873 δὲ
1654 1821 1818 1874 τοῦτο
1859 1817 1928 1874 οὗ

189 1907 386 1981 Βπρὸς
437 1906 646 1972 πάντας
697 1903 866 1976 ὑμᾶς,
922 1902 1061 1960 ἀλλὰ
1122 1903 1260 1976 πρὸς
1311 1902 1443 1969 τοὺς
1470 1905 1475 1977 Ι
1502 1906 1638 1975 ἐμοῦ
1688 1917 1928 1977 καταψη-
1992 1914 2014 1976 3

248 1997 588 2068 φισαμένους
640 1992 908 2048 θάνατον.
983 1994 1123 2064 λέγω
1178 1992 1241 2048 δὲ
1292 1992 1385 2047 καὶ
1436 1993 1565 2048 τόδε
1615 1993 1756 2065 πρὸς
1798 1995 1930 2060 τοὺς
1995 1986 2017 2067 Ξ

248 2082 452 2149 αὐτοὺς
488 2081 735 2148 τούτους.
812 2087 945 2146 ἴσως
983 2102 1050 2151 με
1097 2086 1313 2150 οἴεσθε,
1361 2075 1403 2136 ὦ
1450 2077 1676 2153 ἄνδρες,
1724 2079 1930 2156 ἀπορία
1992 2062 2019 2165 ξ

248 2171 432 2242 λόγων
482 2170 781 2226 ἑαλωκέναι
831 2168 1128 2239 τοιούτων,
1185 2164 1268 2233 οἷς
1313 2164 1385 2223 ἂν
1430 2166 1575 2239 ὑμᾶς
1620 2172 1834 2241 ἔπεισα,
1880 2173 1931 2226 εἰ

250 2259 406 2335 ᾤμην
447 2263 566 2314 δεῖν
606 2256 824 2313 ἅπαντα
861 2266 1043 2312 ποιεῖν
1080 2257 1172 2312 καὶ
1211 2259 1411 2327 λέγειν,
1445 2254 1585 2312 ῶστε
1615 2255 1928 2329 ἀποφυγεῖν

247 2345 349 2418 τὴν
390 2350 566 2417 δίκην.
604 2348 814 2401 πολλοῦ
853 2367 916 2415 γε
964 2348 1061 2400 δεῖ.
1139 2342 1259 2400 ἀλλ’
1311 2343 1516 2419 ἀπορίᾳ
1554 2342 1656 2415 μὲν
1694 2345 1928 2417 ἑάλωκα,

250 2433 318 2490 οὐ
357 2434 546 2505 με’ντοι
583 2433 794 2503 λόγων,
834 2430 973 2488 ἀλλὰ
1011 2431 1216 2503 τόλμης
1260 2432 1353 2487 καὶ
1399 2432 1792 2504 ἀναισχυντίας
1835 2434 1928 2489 καὶ
2011 2473 2015 2502 ³

248 2525 348 2578 τοῦ
389 2522 604 2577 ἐθέλειν
651 2522 832 2591 λέγειν
878 2519 1017 2593 πρὸς
1061 2518 1206 2590 ὑμᾶς
1249 2523 1503 2591 τοιαῦτα,
1552 2515 1626 2576 οἷ’
1677 2516 1750 2576 ἂν
1793 2518 1928 2593 ὑμῖν
1966 2524 2013 2583 -Ῐῑ

249 2605 447 2680 ἥδιστα
471 2601 542 2679 ἦν
567 2606 819 2676 ἀκούειν,
843 2607 1199 2679 θρηνοῦντός
1228 2608 1291 2662 τέ
1317 2629 1426 2678 μου
1455 2608 1548 2663 καὶ
1579 2606 1929 2681 ὀδυρομένου
1983 2585 2014 2646 ³³

190 2704 227 2748 Ε
251 2696 343 2751 καὶ
389 2695 530 2751 ἄλλα
568 2698 865 2760 ποιοῦντος
903 2695 996 2750 καὶ
1023 2694 1030 2769 Ι
1055 2695 1313 2765 λέγοντος
1366 2694 1542 2751 πολλὰ
1589 2696 1682 2751 καὶ
1728 2696 1929 2764 ἀνάξια
1983 2636 2013 2783 Ξ

250 2786 411 2855 ἐμοῦ,
459 2781 533 2848 ὡς
578 2782 683 2853 ἐγώ
732 2801 895 2854 φημι·
950 2777 1042 2838 οἷα
1089 2781 1158 2853 δὴ
1212 2782 1304 2837 καὶ
1351 2789 1573 2838 εἴθισθε
1617 2781 1771 2854 ὑμεῖς
1815 2788 1928 2841 τῶν
1980 2775 2012 2869 ἐξ

250 2870 435 2927 ἄλλων
475 2868 715 2926 ἀκούειν.
756 2867 877 2925 ἀλλ’
923 2868 1051 2925 οὔτε
1087 2869 1211 2925 τότε
1243 2868 1440 2944 ᾠήθην
1473 2873 1592 2927 δεῖν
1631 2872 1790 2927 ἕνεκα
1827 2874 1929 2928 τοῦ
1978 2865 2008 2903 ³³
