2020 3198
837 174 1077 216 ΦΑΙΔΩΝ.
1727 171 1797 224 99

115 296 218 366 βίῳ
260 290 344 347 ὅτι
384 290 662 363 ἐγγυτάτω
697 290 706 364 Ι
741 289 878 346 ὄντα
915 293 1016 345 τοῦ
1055 289 1327 346 τεθνάναι
1368 289 1512 346 οὕτω
1554 292 1668 360 ζῆν,
1707 287 1857 345 κεῖ-Ε

28 405 39 409 ’
115 377 266 434 πειθ’
311 377 544 450 ἥκοντος
583 378 733 454 αὐτῷ
781 377 984 433 τούτου
1023 376 1380 448 ἀγανακτεῖν;
1427 375 1494 433 οὐ
1533 378 1801 448 γελοῖον;’

473 465 690 493 2e·'’'

118 469 252 532 “πῶς
284 465 337 522 δ’
375 466 469 535 οὕς
548 487 623 542 τῳ
658 487 779 522 οντι
810 464 957 538 ἄρα,’
998 469 1122 537 ἔφη,
1163 459 1227 521 ‘03
1260 468 1492 536 Σιμμία,
1531 466 1588 520 οἱ
1618 462 1805 536 ὀρθῶς

117 557 562 626 φιλοσοφοῦντες
608 552 989 624 ἀποθνῄσκειν
1036 556 1324 624 μελετῶσι,
1368 552 1461 607 καὶ
1506 550 1567 607 τὸ
1607 551 1804 607 τεθνά-

119 664 210 699 ναι
248 639 445 712 ἥκιστα
483 640 674 707 αὐτοῖς
720 638 1040 712 ἀνθρώπων
1087 639 1349 713 φοβερόν.
1428 642 1487 695 ἐκ
1524 642 1701 695 τῶνδε
1741 639 1803 695 δὲ

117 729 323 786 σκόπει.
401 733 452 786 εἰ
487 728 594 802 γὰρ
632 731 1021 800 διαβέβληνται
1053 729 1154 800 μὲν
1185 731 1433 801 πανταχῇ
1465 731 1540 804 τῷ
1574 726 1801 798 σώματι,

119 816 294 888 αὐτὴν
342 819 405 874 δὲ
448 817 581 874 καθ’
633 815 808 889 αὐτὴν
863 819 1201 888 ἐπιθυμοῦσι
1252 815 1356 888 τὴν
1408 813 1591 887 ψυχὴν
1640 819 1803 887 ἔχειν,

114 904 318 961 τούτου
368 905 431 961 δὲ
475 907 813 977 γιγνομένου
859 908 911 962 εἰ
954 910 1223 977 φοβοῖντο
1278 904 1371 959 καὶ
1417 902 1800 974 ἀγανακτοῖεν,

117 992 185 1050 οὐ
224 992 399 1064 πολλὴ
442 990 513 1049 ἂν
553 992 752 1064 ἀλογία
792 1000 903 1064 εἴη,
951 997 1002 1049 εἰ
1047 992 1119 1064 μὴ
1161 991 1393 1064 ἅσμενοι
1432 994 1604 1048 ἐκεῖσε
1643 998 1800 1059 ἰόιεν,

117 1076 178 1137 οἷ
211 1080 572 1152 ἀφικομένοις
612 1084 763 1147 ἐλπίς
795 1083 943 1138 ἐστιν
977 1073 1046 1136 οὖ
1081 1080 1088 1154 Ι
1123 1079 1216 1136 διὰ
1248 1084 1376 1150 βίου
1407 1078 1562 1152 ἥρων
1592 1090 1875 1150 τυχεῖν·68

116 1167 272 1239 ἥρων
314 1167 375 1223 δὲ
414 1170 758 1240 φρονήσεως·
805 1162 849 1244 ᾦ
887 1190 945 1224 τε
984 1169 1358 1238 διεβέβληντο,
1396 1166 1599 1223 τούτου
1630 1165 1801 1237 ἀπηλ-

118 1255 324 1327 λάχθαι
363 1257 632 1322 συνόντος
663 1256 878 1324 αὐτοῖς;
917 1252 951 1326 ’ἢ
985 1254 1363 1325 ἀνθρωπίνων
1395 1255 1496 1326 μὲν
1527 1257 1801 1310 παιδικῶν

118 1343 210 1400 καὶ
239 1347 523 1414 γυναικῶν
555 1345 646 1399 καὶ
678 1345 847 1400 υἱέων
880 1342 1289 1399 ἀποθανόντων
1319 1342 1516 1398 πολλοὶ
1548 1340 1617 1412 δὴ
1649 1340 1800 1397 ἑκόν-

117 1451 204 1496 τες
242 1429 528 1502 ἠθέλησαν
567 1435 646 1497 εἰς
670 1430 867 1488 ’Ἅιδου
906 1434 1111 1501 ἐλθεῖν,
1149 1428 1259 1487 ὑπὸ
1298 1429 1500 1500 ταύτης
1535 1428 1800 1501 ἀγόμενοι

120 1510 212 1588 τῆς
251 1519 495 1588 ἐλπίδος,
546 1521 644 1589 τῆς
687 1520 788 1573 τοῦ
835 1516 1082 1585 ὄψεσθαί
1114 1539 1171 1573 τε
1213 1520 1324 1574 ἐκεῖ
1359 1510 1440 1573 ῶν
1479 1517 1800 1589 ἐπεθύμουν

117 1606 209 1660 καὶ
242 1606 598 1661 συνέσεσθαι·
638 1605 963 1678 φρονήσεως
996 1606 1057 1662 δὲ
1095 1604 1204 1677 ἄρα
1242 1627 1323 1672 τις
1360 1609 1435 1679 τῷ
1477 1603 1598 1661 ὄντι
1637 1607 1799 1677 ἐρῶν,

117 1693 210 1748 καὶ
248 1691 437 1763 λαβὼν
484 1692 705 1766 σφόδρα
748 1692 851 1765 τὴν
899 1692 1076 1765 αὐτὴν
1114 1693 1320 1765 ταύτην
1360 1695 1579 1764 ἐλπίδα,
1626 1697 1799 1764 μηδα-

118 1784 227 1853 μοῦ
259 1779 462 1837 ἄλλοθι
494 1781 847 1848 ἐντεύξεσθαι
878 1781 1015 1855 αὐτῇ
1049 1780 1213 1848 ἀξίως
1239 1781 1412 1852 λόγου
1443 1778 1478 1853 ἢ
1504 1783 1565 1837 ἐν
1583 1779 1797 1851 ’Ἀιδου,

118 1866 486 1939 ἀγανακτήσει
529 1890 588 1925 τε
620 1869 629 1943 Ι
663 1867 1039 1942 ἀποθνῄσκων
1084 1869 1177 1924 καὶ
1223 1866 1325 1924 οὐκ
1369 1867 1607 1939 ἅσμενος
1653 1866 1849 1924 εἷσινΒ

119 1955 344 2023 αὐτόσε;
385 1960 610 2012 οἴεσθαί
641 1978 704 2027 γε
741 1956 865 2028 χρή,
904 1955 1002 2016 ἐὰν
1038 1959 1114 2032 τῷ
1156 1954 1277 2011 ὅντι
1313 1978 1376 2027 γε
1412 1950 1475 2028 ᾗ,
1515 1949 1559 2012 ῶ
1599 1956 1798 2027 ἑταῖρε,

119 2042 448 2113 φιλόσοφος·
496 2043 717 2116 σφόδρα
761 2042 867 2116 γὰρ
918 2042 1065 2117 αὐτῷ
1104 2047 1276 2098 ταῦτα
1316 2043 1489 2114 δόξει,
1536 2046 1795 2115 μηδαμοῦ

119 2129 322 2186 ἄλλοθι
366 2134 627 2204 καθαρῶς
681 2130 1032 2199 ἐντεύξεσθαι
1085 2130 1357 2204 φρονήσει
1410 2130 1530 2186 ἀλλ’
1580 2129 1616 2202 ἦ
1673 2133 1796 2189 ἐκεῖ.

120 2220 170 2272 εἰ
208 2217 270 2272 δὲ
306 2221 469 2273 τοῦτο
510 2216 684 2284 οὕτως
722 2222 856 2290 ἔχει,
903 2216 1036 2292 ὅπερ
1083 2216 1208 2291 ἄρτι
1253 2223 1468 2290 ἔλεγον,
1512 2217 1581 2275 οὐ
1620 2218 1794 2290 πολλὴ

118 2300 190 2358 ἀν
230 2301 426 2375 ἀλογία
464 2312 574 2376 εἴη,
622 2309 674 2361 εἰ
716 2310 948 2377 φοβοῖτο
994 2305 1094 2362 τὸν
1138 2307 1390 2363 θάνατον
1430 2307 1460 2363 ὁ
1498 2308 1796 2374 τοιοῦτος;’

121 2391 312 2463 επολλὴ
353 2394 540 2463 μέντοι
577 2392 647 2464 νὴ
690 2395 840 2464 Δία,’
879 2388 915 2464 ἦ
955 2392 1007 2450 δ’
1052 2393 1125 2460 ὅς.

263 2483 409 2536 ΧΙΙΙ.
461 2478 706 2536 Ὀὐκοῦν
739 2480 936 2537 ἱκανόν
969 2497 1058 2537 σοι
1088 2482 1423 2556 τεκμήριον,’
1455 2487 1579 2554 ἔφη,
1611 2486 1794 2540 (τοῦτο

119 2565 347 2640 ἀνδρός,
403 2566 469 2624 ὃν
517 2566 587 2624 ἂν
635 2572 756 2642 ἴδῃς
802 2567 1219 2640 ἀγανακτοῦντα
1265 2572 1535 2640 μέλλοντα
1581 2570 1795 2627 ἀποθα-

118 2662 359 2725 νεῖσθαι,
403 2653 487 2712 ὅτι
527 2654 628 2712 οὐκ
667 2655 757 2729 ἄρ’
799 2650 872 2728 ἦν
912 2657 1221 2729 φιλόσοφος
1260 2656 1397 2713 ἀλλά
1436 2679 1518 2724 τις
1556 2660 1794 2729 φιλοσώ-

118 2765 311 2815 ματος;
351 2741 381 2798 ὃ
423 2741 588 2808 αὐτὸς
627 2745 691 2799 δέ
720 2744 729 2816 Ι
762 2762 871 2800 που
911 2738 1072 2810 οὗτος
1108 2744 1366 2816 τυγχάνει
1402 2742 1482 2801 ῶν
1513 2746 1604 2800 καὶ
1636 2754 1843 2817 φιλο-Ο

116 2830 393 2904 χρήματος
429 2830 520 2884 καὶ
560 2830 864 2902 φιλότιμος,
908 2830 1030 2902 ἤτοι
1067 2829 1134 2887 τὰ
1174 2833 1329 2904 ἕτερα
1366 2831 1580 2889 τούτων
1619 2830 1654 2903 ἢ
1694 2833 1792 2904 ἀμ-

1474 2922 1525 2963 7*
