2020 3198
223 231 296 284 54
893 233 1231 277 ΠΛΑΤΩΝΟΣ

1837 0 1862 14 ne
1875 0 1895 5 <³
1905 0 2020 153 ‘’qu

2008 162 2020 179 :¹

2012 197 2020 215 ι’

2014 233 2020 241 ,

2006 274 2020 298 ²:

220 356 664 421 καταψηφιεῖσθε
715 352 816 406 τοῦ
860 347 928 405 τὰ
984 348 1194 412 ἐλεεινὰ
1245 352 1418 405 ταῦτα
1466 347 1717 422 δράματα
1763 347 1908 405 εἰσά·

218 458 418 507 γοντος
455 438 549 493 καὶ
585 438 990 509 καταγέλαστον
1035 436 1139 509 τὴν
1185 435 1352 492 πόλιν
1398 439 1695 503 ποιοῦντος
1730 433 1766 508 ἢ
1806 439 1908 492 τοῦ

221 523 460 597 ἡσυχίαν
499 524 749 597 ἄγοντος.

370 615 566 670 XXIV.
627 613 811 686 Χωρὶς
848 613 910 669 δὲ
947 615 1044 684 τῆς
1083 612 1272 684 δόξης,
1312 606 1356 669 ὦ
1397 611 1617 685 ἄνδρες,
1657 610 1790 669 οὐδὲ
1829 615 1910 668 δί-

172 699 388 756 Οκαιόν
441 723 536 772 μοι
590 705 746 757 δοκεῖ
795 698 940 757 εἶναι
995 704 1219 756 δεῖσθαι
1271 704 1372 756 τοῦ
1415 702 1722 771 Ιδικαστοῦ
1776 698 1910 757 οὐδὲ

224 788 493 860 δεόμενον
525 787 887 861 ἀποφεύγειν,
927 787 1067 844 ἀλλὰ
1102 787 1389 844 διδάσκειν
1419 787 1514 843 καὶ
1545 791 1778 845 πείθειν.
1840 787 1909 845 οὐ

218 875 328 948 γὰρ
369 876 457 932 ἐπὶ
494 876 673 952 τούτῳ
712 876 959 947 κάθηται
1001 874 1030 932 ὁ
1071 875 1349 947 δικαστής,
1390 876 1478 932 ἐπὶ
1514 879 1589 952 τῷ
1620 882 1910 951 καταχαρί-

222 969 414 1031 ζεσθαι
464 962 533 1020 τὰ
587 968 800 1036 δίκαια,
856 962 977 1020 ἀλλ’
1030 964 1118 1020 ἐπὶ
1170 966 1246 1039 τῷ
1301 967 1515 1035 κρίνειν
1571 967 1765 1020 ταῦτα·
1816 967 1909 1022 καὶ

221 1050 512 1123 ὀμώμοκεν
567 1049 636 1108 οὐ
687 1060 1006 1126 χαριεῖσθαι
1068 1047 1151 1118 οἷς
1207 1048 1282 1107 ἀν
1337 1055 1473 1125 δοκῇ
1530 1051 1707 1129 αὐτῷ,
1769 1050 1908 1109 ἀλλά

222 1139 474 1197 δικάσειν
518 1140 656 1196 κατὰ
702 1139 835 1207 τοὺς
878 1139 1104 1211 νόμους.
1190 1138 1399 1196 οὔκουν
1444 1139 1548 1214 χρὴ
1596 1138 1725 1197 οὔτε
1767 1139 1911 1212 ἡμᾶς

222 1229 427 1295 ἐθίζειν
465 1226 610 1299 ὑμᾶς
649 1230 926 1301 ἐπιορκεῖν
966 1226 1098 1284 οὔθ’
1141 1225 1289 1299 ὑμᾶς
1335 1230 1647 1295 ἐθίζεσθαι·
1694 1226 1908 1286 οὐδέτε-

221 1336 313 1388 ροι
350 1314 457 1386 γὰρ
499 1312 568 1371 ἂν
607 1313 767 1387 ἡμῶν
807 1315 1106 1386 εὐσεβοῖεν.
1182 1314 1257 1387 μὴ
1310 1308 1415 1372 οὖν
1462 1315 1684 1383 ἀξιοῦτέ
1724 1338 1816 1388 με,
1863 1310 1909 1373 ὦ

221 1401 425 1475 ἄνδρες
457 1401 774 1474 Ἀθηναῖοι,
818 1407 1048 1459 τοιαῦτα
1096 1406 1216 1459 δεῖν
1262 1402 1402 1475 πρὸς
1446 1401 1594 1474 ὑμᾶς
1629 1403 1908 1477 πράττειν,

220 1486 257 1544 ἃ
304 1488 439 1561 μήτε
483 1488 727 1561 ἡγοῦμαι
778 1489 917 1545 καλὰ
973 1489 1117 1546 εἶναι
1164 1489 1299 1561 μήτε
1346 1494 1538 1545 δίκαια
1582 1490 1718 1562 μήτε
1763 1490 1908 1565 ὅσια,
1983 1557 1988 1562 ,

163 1575 430 1651 ΒΙᾶλλως
467 1598 524 1633 τε
562 1578 751 1648 μέντοι
788 1578 860 1649 νὴ
895 1582 1009 1632 Δία
1050 1576 1313 1647 [πάντως]
1353 1577 1447 1632 καὶ
1485 1576 1741 1649 ἀσεβείας
1778 1581 1909 1652 φεύ-

219 1687 391 1736 γοντα
429 1663 538 1721 ὑπὸ
580 1664 844 1737 Μελήτου
880 1670 1120 1721 τουτουΐ.
1198 1669 1391 1737 σαφῶς
1430 1664 1538 1739 γὰρ
1577 1665 1669 1738 ἄν,
1709 1671 1761 1724 εἰ
1795 1674 1907 1725 πεί-

219 1761 382 1825 θοιμι
432 1751 579 1824 ὑμᾶς
630 1754 723 1809 καὶ
775 1757 851 1829 τῷ
907 1757 1130 1809 δεῖσθαι
1184 1758 1476 1824 βιαζοίμην
1532 1750 1907 1828 ὀμωμοκότας,

219 1840 393 1907 θεοὺς
445 1836 518 1897 ἄν
574 1841 894 1912 διδάσκοιμι
946 1840 1020 1913 μὴ
1075 1839 1337 1913 ἡγεῖσθαι
1389 1840 1535 1913 ὑμᾶς
1588 1839 1756 1914 εἶναι,
1816 1845 1909 1900 καὶ

220 1927 463 2001 ἀτεχνῶς
500 1928 954 2001 ἀπολογούμενος
991 1933 1363 2001 κατηγοροίην
1401 1925 1474 1985 ἀν
1521 1931 1787 2001 ἐμαυτοῦ,
1833 1929 1909 1999 ὥς

220 2015 393 2083 θεοὺς
432 2015 500 2072 οὐ
538 2022 758 2088 νομίζω.
835 2015 979 2072 ἀλλὰ
1019 2020 1231 2073 πολλοῦ
1271 2021 1361 2072 δεῖ
1396 2015 1572 2082 οὕτως
1611 2022 1777 2089 ἔχειν·
1815 2041 1907 2075 νο-

222 2108 356 2174 μίζω
387 2125 445 2158 τε
474 2103 601 2176 γάρ,
642 2097 686 2160 ὦ
718 2102 921 2175 ἄνδρες
947 2101 1255 2175 Ἀθηναῖοι,
1295 2101 1370 2169 ὥς
1400 2102 1587 2170 οὐδεὶς
1614 2108 1728 2161 τῶν
1759 2107 1908 2177 ἐμῶν

220 2190 573 2263 κατηγόρων,
627 2191 720 2246 καὶ
772 2189 908 2261 ὑμῖν
963 2193 1230 2264 ἐπιτρέπω
1283 2191 1377 2247 καὶ
1428 2195 1504 2268 τῷ
1551 2195 1667 2268 θεῷ
1719 2204 1908 2265 κρῖναι

222 2277 346 2348 περὶ
387 2279 522 2347 ἐμοῦ
564 2276 671 2350 ὅπῃ
712 2279 896 2350 μέλλει
944 2280 1072 2349 ἐμοί
1110 2299 1168 2333 τε
1207 2277 1406 2350 ἄριστα
1445 2277 1588 2335 εἶναι
1625 2280 1719 2335 καὶ
1755 2279 1907 2352 ὑμῖν.

168 2460 207 2504 Ἐ
370 2454 537 2510 XXV.
580 2453 587 2526 Ι
634 2453 709 2509 Τὸ
757 2453 857 2524 μὲν
904 2454 976 2524 μὴ
1025 2453 1381 2524 ἀγανακτεῖν,
1429 2447 1472 2509 ὦ
1511 2452 1712 2526 ἄνδρες
1744 2452 1905 2526 Ἀθη-
1995 2525 2000 2533 x

150 2557 205 2596 36
223 2551 401 2612 ναῖοι,
434 2540 520 2597 ἐπὶ
551 2541 728 2615 τούτῳ
753 2545 829 2616 τῷ
854 2540 1126 2612 γεγονότι,
1157 2540 1242 2597 ὅτι
1265 2562 1375 2611 μου
1401 2541 1407 2615 Ι
1433 2546 1906 2614 κατεψηφίσασθε,

225 2628 365 2684 ἄλλα
402 2629 464 2684 τέ
499 2650 593 2700 μοι
631 2626 806 2684 πολλὰ
856 2628 1244 2698 ξυμβάλλεται,
1289 2628 1381 2683 καὶ
1429 2627 1531 2684 οὐκ
1576 2627 1906 2685 ἀνέλπιστόν
1998 2682 2000 2685 ,

225 2737 320 2788 μοι
371 2716 602 2787 γέγονεν
657 2715 720 2771 τὸ
773 2715 1006 2788 γεγονὸς
1056 2718 1247 2786 τοῦτο,
1302 2713 1442 2771 ἀλλά
1497 2715 1641 2771 πολὺ
1694 2720 1906 2788 μᾶλλον
1976 2758 1996 2793 3

223 2802 490 2875 θαυμάζω
531 2803 804 2873 ἑκατέρων
836 2806 948 2859 τῶν
979 2801 1187 2873 ψήφων
1217 2799 1316 2857 τὸν
1347 2802 1616 2872 γεγονότα
1646 2801 1906 2876 ἀριθμόν.
1969 2840 1971 2842 -

227 2889 295 2947 οὐ
333 2889 439 2962 γὰρ
481 2888 672 2964 ςόόμην
714 2894 884 2961 ἔγωγε
925 2888 1068 2945 οὕτω
1101 2888 1230 2956 παρ’
1269 2887 1462 2957 ὀλίγον
1495 2894 1735 2958 ἔσεσθαι,
1766 2889 1907 2946 ἀλλὰ
