2020 3198
773 195 1016 240 ΦΑΙΔΩΝ.
1626 194 1731 247 159

3 289 9 380 ἓ
50 310 113 367 δὲ
151 313 264 368 ἐκεῖ
299 304 379 368 ὦν
420 315 509 367 δεῖ
551 322 736 384 τυχεῖν
782 312 874 366 καὶ
921 316 1215 383 μείναντας
1261 310 1329 368 ὃν
1374 312 1478 385 χρὴ
1525 312 1733 385 χρόνον

7 395 9 398 ’
46 399 215 465 ἄλλος
253 402 420 472 δεῦρο
460 400 628 455 πάλιν
666 398 888 471 ἡγεμών
926 404 1132 470 κομίζει
1172 402 1232 456 ἐν
1263 407 1493 476 πολλαῖς
1523 399 1734 472 χρόνου

47 487 142 543 καὶ
197 498 430 560 μακραῖς
478 486 776 559 περιόδοις.
862 491 976 542 ἔστι
1027 487 1088 543 δὲ
1139 487 1248 560 ἄρα
1296 486 1331 559 ἡ
1382 492 1581 558 πορεία
1632 485 1734 558 οὐχ

4 590 6 592 ’
50 574 125 640 ὦς
156 573 186 632 ὅ
218 575 506 647 Αἰσχύλου
545 575 793 646 Τήλεφος
815 577 984 646 λέγει·
1018 578 1026 647 Ι
1061 577 1269 642 ἐκεῖνος
1295 576 1395 647 μὲν
1419 574 1525 648 γὰρ
1551 573 1819 646 ἁπλῆνιοδ

1 662 2 665 “
51 663 215 736 οἷμόν
253 681 427 735 φησιν
467 667 547 730 εἰς
582 662 778 719 ’Ἅιδου
816 665 1032 735 φέρειν,
1078 661 1113 734 ἡ
1154 663 1206 719 δ’
1251 662 1379 720 οὔτε
1419 661 1564 734 ἁπλῆ
1606 662 1735 719 οὔτε

50 756 148 823 μία
171 756 432 823 φαίνεταί
450 773 544 824 μοι
569 750 724 808 εἶναι.
793 749 929 807 οὐδὲ
952 751 1059 824 γὰρ
1085 749 1156 807 ἄν
1187 750 1479 824 ἡγεμόνων
1506 754 1639 807 ἔδει·
1666 749 1734 807 οὐ

47 838 155 911 γάρ
195 839 305 895 πού
345 862 427 906 τις
465 836 536 895 ἂν
569 839 863 911 διαμάρτοι
896 837 1179 910 οὐδαμόσε
1211 842 1339 910 μιᾶς
1371 836 1511 895 ὁδοῦ
1550 838 1736 911 οὔσης.

48 930 156 983 νῦν
196 927 259 984 δὲ
297 931 441 984 ἔοικε
491 933 694 999 σχίσεις
737 948 796 983 τε
840 928 932 982 καὶ
977 926 1275 998 περιόδους
1318 929 1525 994 πολλὰς
1569 932 1737 999 ἔχειν·

51 1014 160 1071 ἀπὸ
199 1018 314 1071 τῶν
355 1013 527 1072 ὁσίων
566 1036 624 1071 τε
661 1015 755 1071 καὶ
785 1018 1039 1086 νομίμων
1070 1017 1183 1070 τῶν
1215 1014 1422 1071 ἐνθάδε
1452 1015 1737 1089 τεκμαιρό-

50 1124 216 1174 μενος
254 1104 410 1173 λέγω.
485 1101 520 1174 ἡ
561 1102 661 1174 μὲν
695 1095 799 1158 οὖν
838 1105 1040 1172 κοσμία
1070 1121 1129 1156 τε
1158 1101 1251 1156 καὶ
1283 1101 1558 1174 φρόνιμος
1588 1101 1735 1174 ψυχὴ

0 1208 1 1219 ’
51 1192 240 1247 ἕπεταί
272 1213 330 1246 τε
366 1191 459 1246 καὶ
499 1188 602 1246 οὐκ
642 1189 838 1261 ἀγνοεῖ
878 1188 944 1244 τὰ
984 1187 1255 1261 παρόντα·
1301 1187 1336 1260 ἡ
1377 1188 1430 1245 δ’
1474 1192 1739 1260 ἐπιθυμη-

49 1282 210 1344 τικῶς
261 1281 364 1334 τοῦ
415 1277 665 1349 σώματος
718 1282 945 1349 ἔχουσα,
997 1274 1130 1348 ὅπερ
1181 1278 1242 1332 ἐν
1291 1280 1367 1352 τῷ
1420 1281 1738 1350 ἔμπροσθεν

51 1364 227 1436 εἷπον,
265 1365 389 1437 περὶ
428 1367 603 1421 ἐκεῖνο
642 1363 820 1419 πολὺν
851 1363 1057 1437 χρόνον
1091 1366 1099 1435 Ι
1135 1365 1438 1435 ἐπτοημένη
1470 1364 1563 1419 καὶ
1599 1364 1778 1437 περὶΒ

50 1454 150 1511 τὸν
169 1451 374 1524 ὁρατὸν
390 1453 581 1523 τόπον,
595 1451 770 1508 πολλὰ
790 1450 1139 1507 ἀντιτείνασα
1155 1450 1438 1507 καὶπολλὰ
1456 1454 1739 1522 παθοῦσα,

13 1563 15 1566 ·
51 1547 148 1617 βίᾳ
170 1542 262 1597 καὶ
286 1540 445 1613 μόγις
470 1539 578 1596 ὑπὸ
603 1544 705 1596 τοῦ
737 1540 1213 1612 προστεταγμένου
1245 1543 1512 1611 δαίμονος
1535 1546 1740 1611 οἴχεται

53 1630 311 1701 ἀγομένη.
396 1628 744 1700 ἀφικομένην
791 1627 855 1683 δὲ
902 1625 1102 1699 ὅθιπερ
1149 1628 1211 1682 αἱ
1254 1626 1441 1698 ἄλλαι,
1487 1627 1591 1699 τὴν
1638 1628 1739 1699 μὲν

53 1716 378 1789 ἀκάθαρτον
439 1721 538 1772 καί
592 1738 644 1771 τι
698 1725 1063 1785 πεποιηκυῖαν
1115 1718 1400 1786 τοιοῦτον,
1453 1711 1488 1786 ἢ
1543 1715 1739 1787 φόνων

54 1804 266 1861 ἀδίκων
305 1802 556 1876 ἡμμένην
595 1800 630 1875 ἢ
665 1801 785 1858 ἀλλ’
830 1802 964 1858 ἄττα
1001 1805 1231 1858 τοιαῦτα
1269 1803 1663 1874 εἰργασμένην,
1703 1803 1738 1859 ἃ

53 1893 269 1949 τούτων
309 1891 522 1964 ἀδελφά
561 1912 620 1948 τε
657 1893 750 1947 καὶ
789 1889 1050 1961 ἀδελφῶν
1081 1891 1275 1962 ψυχῶν
1308 1893 1441 1961 ἔργα
1478 1890 1740 1961 τυγχάνει

56 1979 218 2051 ὅντα,
271 1980 478 2051 ταύτην
533 1979 635 2051 μὲν
682 1977 823 2044 ἅπας
869 1978 1063 2049 φεύγει
1108 1999 1166 2033 τε
1210 1970 1304 2031 καὶ
1348 1973 1741 2049 ὑπεκτρέπεται

53 2069 147 2125 καὶ
194 2067 322 2125 οὔτε
369 2068 709 2139 ξυνέμπορος
757 2064 883 2121 οὔτε
927 2064 1150 2136 ἡγεμὼν
1199 2063 1380 2119 ἐθέλει
1425 2067 1739 2137 γίγνεσθαι,

55 2155 192 2228 αὐτὴ
233 2156 294 2212 δὲ
332 2158 606 2211 πλανᾶται
646 2156 706 2210 ἐν
741 2156 748 2225 Ι
782 2153 930 2226 πάσῃ
972 2153 1201 2224 ἐχομένη
1249 2149 1481 2224 ἀπορίᾳ,
1528 2153 1630 2218 ἕως
1667 2150 1793 2209 ἀνθ

57 2244 127 2315 δή
158 2265 305 2310 τινες
329 2243 525 2316 χρόνοι
549 2243 845 2314 γένωνται,
886 2234 966 2297 ὧν
1000 2239 1342 2307 ἐξελθόντων
1372 2236 1468 2294 ὑπ’
1497 2237 1742 2312 ἀνάγκης

56 2333 280 2404 φέρεται
319 2335 398 2396 εἰς
434 2329 538 2401 τὴν
577 2327 716 2401 αὐτῇ
756 2329 1076 2400 πρέπουσαν
1117 2334 1354 2398 οἴκησιν·
1393 2324 1428 2397 ἡ
1470 2327 1532 2383 δὲ
1568 2336 1740 2383 καθα-

57 2423 168 2493 ρῶς
206 2441 263 2475 τε
301 2419 394 2474 καὶ
433 2422 665 2490 μετρίως
702 2416 804 2473 τὸν
843 2420 970 2487 βίον
1010 2416 1391 2485 διεξελθοῦσα,
1429 2415 1520 2470 καὶ
1554 2416 1743 2487 ξυνεμ-

57 2507 248 2579 πόρων
308 2507 401 2562 καὶ
470 2503 763 2577 ἡγεμόνων
823 2507 977 2560 θεῶν
1037 2505 1306 2574 τυχοῦσα,
1369 2500 1583 2578 ᾤκησεν
1641 2504 1742 2559 τὸν

58 2594 196 2668 αὐτῇ
238 2593 439 2665 ἑκάστη
479 2593 653 2650 τόπον
693 2591 1061 2666 προσήκοντα.
1137 2591 1278 2646 εἰσὶν
1318 2590 1380 2646 δὲ
1417 2591 1611 2645 πολλοὶ
1651 2589 1743 2645 καὶ

57 2682 374 2753 θαυμαστοὶ
419 2684 516 2751 τῆς
561 2684 663 2751 γῆς
715 2679 902 2750 τόποι,
955 2680 1046 2734 καὶ
1102 2677 1238 2748 αὐτὴ
1289 2676 1416 2733 οὔτε
1471 2679 1561 2733 οἵα
1615 2675 1742 2732 οὔτε

60 2769 163 2841 ὅση
212 2768 494 2835 δοξάζεται
543 2766 651 2823 ὑπὸ
705 2771 818 2823 τῶν
871 2767 995 2839 περὶ
1047 2769 1148 2836 γῆς
1202 2763 1488 2820 εἰωθότων
1541 2764 1740 2834 λέγειν,

59 2856 134 2924 ὡς
173 2856 279 2928 ἐγὼ
319 2853 430 2910 ὑπό
468 2875 619 2920 τινος
656 2855 980 2926 πέπεισμαι.’
