2020 3198
241 159 275 210 2
284 158 350 210 16
898 159 1234 202 ΠΛΑΤΩΝΟΣ
1863 167 1920 206 42

386 276 549 330 EPM.
619 279 690 329 Τί
724 274 785 330 δὲ
823 278 884 330 τὸ
924 285 1033 347 πῦρ
1073 276 1162 331 καὶ
1200 280 1261 332 τὸ
1301 278 1477 348 ὕδωρ;

163 355 204 399 D
387 364 503 417 ΣΩ.
558 366 634 417 Τὸ
665 372 776 435 πῦρ
813 363 817 435 Ι
855 365 1064 434 ἀπορῶ·
1107 365 1199 419 καὶ
1237 367 1550 419 κινδυνεύει
1587 368 1709 434 ἤτοι
1748 367 1782 435 ἡ
1819 374 1918 420 τοῦ

237 453 615 523 Εὐθύφρονός
653 473 718 522 με
759 461 938 523 μοῦσα
978 453 1396 523 ἐπιλελοιπέναι,
1436 454 1470 522 ἢ
1509 457 1672 508 τοῦτό
1705 475 1756 508 τι
1784 472 1923 523 παγ-“

236 541 475 609 χάλεπον
529 537 686 594 εἶναι.
773 540 967 605 σκέψαι
1025 537 1128 595 οὖν
1173 542 1243 610 ἣν
1290 543 1490 611 εἰσάγω
1537 543 1786 612 μηχανὴν
1832 541 1919 596 ἐπὶ

237 629 418 682 πάντα
455 630 521 682 τὰ
559 637 802 697 τοιαῦτα,
845 629 877 682 ἃ
917 629 986 682 ἂν
1026 630 1226 700 ἀπορῶ.

385 716 548 771 ΕΡΜ.
619 720 754 770 Τίνα
795 719 885 786 δή;

387 804 502 858 ΣΩ.
554 801 689 873 Ἐγώ
732 819 820 859 σοι
859 805 979 875 ε’ρῶ.
1043 806 1334 876 ἀπόκριναι
1371 807 1476 876 γάρ
1517 822 1633 875 μοι·
1671 809 1814 875 ἔχοις
1851 805 1923 860 ἂν

239 894 413 945 εἰπεῖν
452 900 563 963 πῦρ
602 894 737 946 κατὰ
776 895 900 946 τίνα
938 895 1146 963 τρόπον
1185 898 1453 958 καλεῖται;

386 979 550 1034 ΕΡΜ.
615 982 714 1034 Μὰ
752 979 847 1033 Δί’
893 981 994 1034 οὐκ
1032 983 1214 1049 ἔγωγε.

386 1069 557 1122 XXV.
636 1067 752 1120 ΣΩ.
827 1066 1039 1131 Σκέψαι
1093 1069 1161 1136 δὴ
1213 1067 1241 1120 ὃ
1297 1067 1402 1135 ἐγὼ
1455 1068 1743 1122 ὑποπτεύω
1796 1067 1921 1139 περὶ

239 1157 427 1210 αὐτοῦ.
517 1156 690 1209 ἐννοῶ
753 1157 857 1226 γὰρ
911 1156 994 1209 ὅτι
1046 1158 1222 1209 πολλὰ
1277 1157 1335 1210 οἱ
1370 1155 1630 1226 ’Έλληνες
1682 1157 1923 1227 ὀνόματα

171 1253 208 1296 Ε
242 1239 437 1308 ἄλλως
464 1265 521 1298 τε
562 1243 652 1297 καὶ
693 1243 750 1297 οἱ
783 1244 891 1297 ὑπὸ
927 1243 933 1314 Ι
967 1253 1082 1307 τοῖς
1119 1246 1420 1316 βαρβάροις
1459 1247 1739 1308 οἰκοῦντες
1775 1246 1922 1316 παρὰ

239 1342 351 1385 τῶν
391 1333 689 1401 βαρβάρων
728 1332 1036 1400 εἰλήφασιν.

388 1420 552 1473 ΕΡΜ.
624 1422 694 1472 Τί
729 1416 831 1473 οὖν
872 1421 964 1487 ὃή;

391 1507 507 1561 ΣΩ.
586 1511 663 1559 Εἴ
701 1526 782 1569 τις
839 1510 990 1574 ζητοῖ
1039 1514 1209 1560 ταῦτα
1262 1508 1397 1560 κατὰ
1450 1509 1553 1576 τὴν
1598 1506 1924 1577 Ἑλληνικὴν

242 1596 438 1666 φωνὴν
485 1595 558 1657 ὡς
605 1595 826 1656 εἰκότως
870 1602 1066 1661 κεῖται,
1114 1594 1251 1646 ἀλλὰ
1298 1595 1370 1662 μὴ
1417 1590 1537 1647 κατ’
1580 1595 1820 1666 ἐκείνην,
1867 1596 1923 1662 ἐξ

241 1680 306 1752 ἧς
344 1685 405 1736 τὸ
446 1685 621 1752 ὄνομα
659 1683 917 1751 τυγχάνει
956 1684 1039 1751 ὄν,
1081 1679 1248 1736 οἶσθα
1289 1683 1371 1736 ὅτι
1411 1683 1613 1755 ἀποροῖ
1647 1687 1729 1738 ἄν.

390 1770 554 1824 ΕΡΜ.
615 1773 859 1834 Εἰκότως
897 1791 971 1838 γε.

121 1874 209 1913 410
394 1858 400 1931 Ι
429 1858 543 1911 ΣΩ.
571 1857 708 1929 Ὅρα
746 1861 939 1912 τοίνυν
976 1857 1066 1912 καὶ
1104 1865 1268 1912 τοῦτο
1306 1860 1368 1912 τὸ
1410 1861 1582 1928 ὄνομα
1613 1861 1674 1912 τὸ
1705 1866 1816 1930 πῦρ
1848 1863 1922 1929 μή

241 1967 293 2000 τι
340 1947 680 2017 βαρβαρικὸν
726 1939 774 2016 ᾖ.
859 1954 1022 2000 τοῦτο
1070 1948 1175 2016 γὰρ
1223 1947 1347 1999 οὔτε
1395 1946 1592 2017 ῥᾴδιον
1643 1947 1923 2016 προσάψαι

243 2033 391 2088 ἐστὶν
430 2032 718 2103 Ἑλληνικῇ
768 2042 952 2104 φωνῇ,
1011 2036 1251 2103 φανεροί
1283 2029 1331 2085 τ’
1381 2032 1521 2087 εἰσὶν
1570 2034 1743 2097 οὕτως
1788 2033 1921 2087 αὐτὸ

242 2127 538 2185 καλοῦντες
581 2124 820 2193 Φρύγες,
871 2125 1101 2193 σμικρόν
1147 2142 1200 2176 τι
1238 2125 1685 2192 παρακλίνοντες·
1732 2121 1823 2176 καὶ
1859 2124 1922 2175 τό

242 2229 303 2278 γε
343 2209 495 2278 ὕδωρ
528 2208 619 2262 καὶ
657 2211 752 2273 τὰς
791 2211 962 2272 κύνας
999 2208 1090 2262 καὶ
1129 2210 1267 2263 ἄλλα
1306 2210 1495 2262 πολλά.

393 2297 555 2349 ΕΡΜ.
604 2297 757 2349 ’Ἐστι
796 2304 979 2350 ταῦτα.

394 2383 508 2436 ΣΩ.
587 2385 669 2437 Οὐ
714 2387 907 2438 τοίνυν
953 2385 1042 2437 δεῖ
1082 2391 1252 2436 ταῦτα
1298 2384 1752 2452 προσβιάζεσθαι,
1807 2381 1922 2436 ἐπεὶ

245 2476 359 2542 ἔχοι
406 2469 457 2540 γ’
501 2474 570 2524 ἄν
615 2490 696 2533 τις
742 2472 915 2523 εἰπεῖν
954 2468 1078 2539 περὶ
1125 2470 1321 2523 αὐτῶν.
1405 2471 1467 2522 τὸ
1513 2467 1614 2539 μὲν
1662 2465 1765 2523 οὖν
1810 2477 1923 2540 πῦρ

178 2576 214 2620 Β
245 2559 335 2614 καὶ
373 2561 434 2612 τὸ
474 2559 626 2629 ὕδωρ
657 2559 826 2627 ταύτῃ
867 2557 1220 2625 ἀπωθοῦμαι·
1256 2556 1262 2627 Ι
1298 2557 1327 2609 ὁ
1368 2554 1428 2610 δὲ
1468 2558 1535 2625 δὴ
1569 2557 1673 2627 ἀὴρ
1706 2553 1811 2628 ἆρά
1840 2577 1921 2626 γε,

247 2645 288 2702 ὦ
321 2645 662 2717 Ἑρμόγενες,
703 2645 786 2698 ὅτι
818 2649 959 2714 αἴρει
990 2646 1056 2696 τὰ
1089 2644 1193 2697 ἀπὸ
1225 2650 1320 2712 τῆς
1351 2652 1468 2712 γῆς,
1508 2645 1613 2714 ἀὴρ
1643 2644 1919 2714 κέκληται;

245 2737 278 2805 ἢ
313 2737 395 2790 ὅτι
429 2734 510 2789 ἀεὶ
545 2735 651 2804 ῥεῖ;
685 2733 718 2801 ἢ
752 2733 835 2786 ὅτι
865 2740 1079 2801 πνεῦμα
1112 2731 1165 2796 ἐξ
1198 2732 1370 2784 αὐτοῦ
1401 2735 1644 2800 γίγνεται
1675 2731 1918 2802 ῥέοντοςς

247 2826 305 2877 οἰ
358 2825 462 2893 γὰρ
525 2823 750 2890 ποιηταί
806 2838 914 2873 που
966 2821 1031 2871 τὰ
1085 2820 1364 2888 πνεύματα
1419 2820 1583 2888 ἀήτας
1635 2824 1917 2873 καλοῦσιν·
