2020 3198
79 182 132 222 13
753 175 1092 219 ΚΡΑΤΤΛΟΣ.
1652 170 1756 221 187

73 295 344 363 πηδάλιον
393 294 815 358 ἐπιστατοῦντος
859 295 1226 364 κυβερνήτου,
1274 293 1327 346 εἰ
1369 290 1551 361 μέλλει
1589 290 1760 344 καλὸν

27 403 38 407 ·
75 379 217 436 εἶναι
254 385 316 437 τὸ
358 383 642 453 πηδάλιον.

220 471 384 525 ΕΡΜ.
467 474 740 525 Φαίνεται.

224 557 339 612 ΣΩ.
417 559 751 629 Νομοθέτου
799 556 865 612 δέ
902 577 989 627 γε,
1037 557 1110 620 ὡς
1149 558 1352 624 ἔοικεν,
1400 556 1600 625 ὄνομα,
1646 554 1760 609 ἐπι-

76 647 279 715 στάτην
332 648 553 716 ἔχοντος
603 646 943 700 διαλεκτικὸν
997 645 1198 715 ἄνδρα,
1254 646 1306 698 εἰ
1355 642 1538 712 μέλλει
1582 647 1760 706 καλῶς

76 734 319 804 ὀνόματα
357 738 650 805 θήσεσθαι.

222 823 388 877 ΕΡΜ.
451 823 606 877 ’Ἐστι
643 831 826 877 ταῦτα.

225 910 342 964 ΣΩ.
429 911 762 965 Κινδυνεύει
817 911 947 981 ἄρα,
1004 905 1047 963 ὦ
1094 906 1441 978 Ἑρμόγενες,
1495 901 1639 960 εἶναι
1692 906 1759 960 οὐ

77 1003 313 1069 φαῦλον,
354 1000 427 1063 ὡς
466 1002 536 1052 σὺ
576 1004 698 1067 οἴει,
736 998 770 1067 ἡ
810 1006 910 1052 τοῦ
942 997 1210 1066 ὀνόματος
1239 993 1414 1062 θέσις,
1455 990 1587 1048 οὐδὲ
1620 994 1761 1063 φαύ-

76 1091 191 1141 λων
244 1087 464 1159 ἀνδρῶν
519 1084 651 1141 οὐδὲ
695 1096 806 1140 τῶν
861 1086 1241 1154 ἐπιτυχόντων.
1326 1081 1419 1136 καὶ
1473 1082 1761 1151 Κρατύλος

78 1175 260 1244 ἀληθῆ
322 1174 467 1243 λέγει
520 1173 696 1243 λέγων
750 1175 916 1244 φύσει
968 1175 1035 1226 τὰ
1089 1173 1331 1241 ὀνόματα
1385 1166 1527 1224 εἶναι
1579 1167 1694 1232 τοϊς
1751 1164 1828 1240 {E

77 1265 380 1333 πράγμασι,
427 1261 518 1316 καὶ
565 1263 633 1316 οὐ
677 1263 855 1316 πάντα
896 1261 1235 1331 δημιουργὸν
1273 1259 1560 1328 ὀνομάτων
1599 1254 1759 1326 εἶναι,

79 1351 216 1404 ἀλλὰ
255 1353 429 1419 μόνον
469 1350 680 1404 ἐκεῖνον
716 1351 815 1404 τὸν
855 1347 1234 1417 ἀποβλέποντα
1273 1349 1351 1410 εἰς
1388 1348 1450 1399 τὸ
1489 1353 1554 1415 τῇ
1594 1346 1759 1415 φύσει

79 1441 253 1508 ὄνομα
288 1439 353 1492 ὂν
386 1437 591 1511 ἑκάστω
622 1436 715 1492 καὶ
746 1439 1059 1507 δυνάμενον
1091 1436 1263 1489 αὐτοῦ
1287 1436 1348 1488 τὸ
1374 1431 1521 1497 εἶδος
1543 1432 1760 1487 τιθέναι

79 1533 158 1591 εἷς
193 1547 251 1581 τε
288 1528 355 1580 τὰ
391 1527 679 1595 γράμματα
715 1523 808 1578 καὶ
845 1525 941 1587 τὰς
980 1524 1269 1592 συλλαβάς.

226 1615 390 1668 ΕΡΜ.
472 1615 588 1668 Οὐκ
625 1616 755 1683 ἔχω,
796 1610 840 1667 ὦ
879 1613 1186 1683 Σώκρατες,
1227 1612 1373 1675 ὅπως
1410 1612 1512 1682 χρὴ
1553 1612 1688 1682 πρὸς
1727 1609 1761 1663 ἃ

80 1702 253 1771 λέγεις
313 1702 718 1757 ἐναντιοῦσθαι.
814 1706 944 1764 ἴσως
997 1700 1185 1770 μέντοι
1239 1700 1308 1753 οὐ
1362 1699 1558 1770 ῥᾴδιόν
1612 1699 1761 1752 ἐστιν

80 1791 253 1855 οὕτως
294 1795 301 1857 Ι
343 1790 602 1860 ἐξαίφνης
646 1795 969 1857 πεισθῆναι,
1021 1789 1158 1842 ἀλλὰ
1205 1789 1349 1841 δοκῶ
1398 1807 1492 1857 μοι
1538 1783 1645 1840 ὧδε
1691 1785 1761 1840 ἂν
1792 1783 1876 1824 391

79 1883 289 1948 μᾶλλον
327 1880 738 1947 πεισθήσεσθαί
772 1891 878 1945 σοι,
918 1881 973 1930 εἴ
1007 1895 1100 1945 μοι
1140 1875 1386 1943 δείξειας,
1425 1874 1621 1942 ’ἥντινα
1652 1875 1762 1945 φῂς

80 1963 222 2020 εἶναι
259 1968 361 2035 τὴν
401 1968 567 2036 φύσει
606 1966 880 2036 ὀρθότητα
920 1964 1200 2032 ὀνόματος.

230 2053 346 2107 ΣΩ.
418 2053 555 2121 Ἐγὼ
601 2052 727 2122 μέν,
774 2050 818 2107 ὦ
857 2054 1086 2122 μακάριε
1118 2050 1456 2122 Ἑρμόγενες,
1497 2051 1762 2119 οὐδεμίαν

82 2142 248 2210 λέγω,
295 2137 413 2195 ἀλλ’
466 2140 742 2194 ἐπελάθου
786 2159 850 2208 γε
897 2136 976 2193 ὧν
1019 2139 1209 2205 ὀλίγον
1246 2139 1516 2207 πρότερον
1555 2139 1763 2206 ἔλεγον,

84 2231 166 2283 ὅτι
213 2230 315 2283 οὐκ
360 2230 590 2297 εἰδείην,
638 2227 776 2280 ἀλλὰ
821 2229 1125 2296 σκεψοίμην
1171 2227 1303 2294 μετὰ
1350 2232 1467 2278 σοῦ.
1551 2232 1658 2278 νῦν
1705 2221 1766 2278 δὲ

82 2317 479 2386 σκοπουμένοις
516 2316 667 2386 ἡμῖν,
708 2315 834 2385 ἐμοί
866 2334 924 2368 τε
959 2312 1052 2368 καὶ
1083 2316 1189 2382 σοί,
1228 2320 1496 2366 τοσοῦτον
1528 2309 1628 2382 μὲν
1658 2313 1764 2381 ἤδη

83 2408 336 2475 φαίνεται
385 2405 532 2475 παρὰ
577 2405 643 2456 τὰ
689 2405 950 2473 πρότερα,
1005 2402 1171 2471 φύσει
1215 2399 1278 2453 τέ
1318 2419 1442 2453 τινα
1488 2400 1765 2470 ὀρθότητα

84 2495 210 2560 ἔχον
256 2489 397 2545 εἶναι
443 2494 504 2546 τὸ
552 2493 726 2560 ὄνομα
771 2489 862 2543 καὶ
909 2490 977 2543 οὐ
1022 2489 1226 2551 παντὸς
1272 2487 1475 2558 ἀνδρὸς
1509 2488 1515 2556 Ι
1550 2487 1764 2541 ἐπίστα-
1798 2479 1834 2523 Β

86 2584 219 2633 σθαι
245 2584 438 2642 ’καλῶς
477 2579 610 2632 αὐτὸ
650 2579 925 2648 πράγματι
965 2576 1178 2649 ὁτῳοῦν
1215 2574 1445 2628 θέσθαι·
1484 2574 1518 2643 ἢ
1559 2575 1650 2639 οὕς

231 2666 395 2719 ΕΡΜ.
474 2667 637 2719 Πάνυ
673 2685 750 2733 γε.

234 2753 326 2807 ΧΙ.
391 2753 506 2806 ΣΩ.
566 2754 786 2807 Οὐκοῦν
817 2755 878 2806 τὸ
911 2753 1044 2821 μετὰ
1070 2759 1232 2804 τοῦτο
1257 2751 1359 2820 χρὴ
1388 2753 1580 2818 ζητεῖν,
1613 2754 1764 2819 εἴπερ

86 2841 376 2910 ἐπιθυμεῖς
407 2839 629 2908 εἰδέναι,
660 2841 777 2908 ἥτις
807 2836 927 2893 ποτ’
964 2835 1035 2892 αὗ
1067 2837 1215 2891 ἐστιν
1247 2838 1418 2891 αὐτοῦ
1449 2837 1481 2904 ἡ
1512 2837 1763 2906 ὀρθότης.
