2020 3198
214 197 288 251 50
889 198 1225 242 ΠΛΑΤΩΝΟΣ

215 313 442 386 λόμενοι
480 313 555 382 ὥς
591 319 881 381 πλείστους
919 314 1235 386 ἀναπλῆσαι
1274 317 1491 369 αἰτιῶν·
1539 315 1660 371 τότε
1706 315 1892 386 μέντοι

156 402 322 474 Βέγώ
371 400 440 459 οὐ
474 403 480 477 Ι
514 403 661 478 λόγῳ
707 401 830 460 ἀλλ’
882 407 1023 478 ἔργῳ
1078 396 1150 458 αὖ
1197 401 1582 473 ἐνεδειξάμην,
1636 400 1722 458 ὅτι
1775 402 1897 473 ἐμοὶ

215 489 469 547 θανάτου
521 492 622 563 μὲν
675 492 850 563 μέλει,
905 495 956 546 εί
1006 489 1079 562 μὴ
1138 487 1538 562 ἀγροικότερον
1582 482 1655 560 ἦν
1706 493 1896 562 εἰπεῖν,

217 577 337 634 οὐδ’
382 577 592 652 ὁτιοῦν,
630 583 731 636 τοῦ
771 580 832 636 δὲ
871 579 1045 651 μηδὲν
1078 577 1276 634 ἄδικον
1308 574 1435 651 μηδ’
1475 577 1709 634 ἀνόσιον
1741 578 1898 651 ἐργά-

217 671 432 738 ζεσθαι,
478 667 683 724 τούτου
730 667 792 724 δὲ
837 666 899 723 τὸ
945 669 1057 722 πᾶν
1104 667 1268 738 μέλει.
1345 665 1439 737 ἐμὲ
1481 664 1590 738 γὰρ
1645 667 1823 738 ἐκείνη
1861 665 1898 738 ἡ

215 751 356 826 ἀρχὴ
397 751 498 810 οὐκ
537 756 821 827 ἐξέπληξεν
862 754 1038 820 οὕτως
1078 753 1276 827 ἰσχυρὰ
1315 747 1474 824 οὖσα,
1520 751 1661 810 ὥστε
1698 752 1898 811 ἄδικόν

213 861 267 896 τι
306 841 676 914 ἐργάσασθαι,
724 841 846 899 ἀλλ’
891 842 1078 913 ἐπειδὴ
1121 844 1178 897 ἐκ
1215 845 1312 913 τῆς
1350 841 1532 897 θόλου
1572 841 1897 914 ἐξήλθομεν,

215 931 274 984 οἷ
324 929 425 1001 μὲν
477 931 725 1004 τέτταρες
780 930 990 1007 ᾤχοντο
1054 934 1131 996 εἰς
1187 936 1483 1001 Σαλαμῖνα
1535 930 1626 985 καὶ
1686 928 1899 1001 ’ἤγαγον

215 1019 458 1090 Λέοντα,
506 1017 610 1090 ἐγώ
660 1019 722 1075 δὲ
761 1017 983 1095 ᾠχόμην
1024 1017 1205 1075 ἀπιών
1246 1022 1452 1074 οἴκαδε.
1527 1022 1620 1073 καὶ
1659 1024 1792 1084 ἴσως
1829 1015 1899 1074 ἄν

215 1103 308 1160 διὰ
348 1107 520 1160 ταῦτα
560 1102 876 1176 ἀπέθανον,
916 1110 967 1162 εἰ
1003 1105 1076 1178 μὴ
1114 1104 1150 1177 ἡ
1189 1104 1329 1179 ἀρχὴ
1371 1106 1463 1161 διὰ
1502 1106 1711 1177 ταχέων
1748 1128 1895 1163 κατε-

158 1191 386 1263 Ελύθη·
424 1193 517 1248 καὶ
554 1193 770 1249 τούτων
805 1193 810 1267 Ι
845 1192 981 1265 ὑμῖν
1022 1197 1242 1249 ἔσονται
1281 1194 1477 1249 πολλοὶ
1518 1193 1803 1267 μάρτυρες.

362 1282 507 1337 XXI.
572 1275 690 1355 'Ap'
736 1275 842 1337 οὖν
882 1280 953 1337 ἄν
1000 1303 1067 1354 με
1114 1287 1303 1337 οἴεσθε
1347 1281 1549 1337 τοσάδε
1588 1286 1679 1354 ἔτη
1720 1286 1900 1354 διαγε-

213 1370 440 1440 νέσθαι,
487 1372 539 1425 εἰ
575 1374 843 1442 ἔπραττον
882 1369 949 1426 τὰ
998 1369 1263 1441 δημόσια,
1310 1370 1402 1425 καὶ
1441 1369 1696 1442 πράττων
1735 1371 1900 1436 ἀξίως

214 1455 423 1529 ἀνδρὸς
468 1456 692 1528 ἀγαθοῦ
746 1457 1030 1529 ἐβοήθουν
1083 1469 1198 1523 τοῖς
1252 1461 1486 1526 δικαίοις
1541 1462 1660 1528 καί,
1717 1456 1898 1531 ὥσπερ

214 1545 344 1618 χρή,
390 1549 553 1603 τοῦτο
601 1546 726 1619 περὶ
772 1550 1031 1602 πλείστου
1079 1545 1407 1617 ἐποιούμην;
1445 1548 1658 1601 πολλοῦ
1695 1567 1757 1617 γε
1796 1550 1897 1618 δεῖ,

215 1627 259 1689 ὦ
298 1632 499 1707 ἅνδρες
532 1633 838 1706 Ἀθηναῖοι.
916 1632 1049 1690 οὐδὲ
1097 1633 1206 1705 γὰρ
1253 1630 1326 1688 ἂν
1373 1632 1540 1699 ἄλλος
1578 1631 1898 1706 ἀνθρώπων

141 1738 196 1778 33
215 1719 412 1788 οὐδείς.
455 1723 461 1797 Ι
505 1720 625 1779 ἀλλ’
678 1721 783 1794 ἐγω
833 1721 926 1778 διὰ
974 1720 1178 1787 παντὸς
1234 1724 1335 1777 τοῦ
1375 1724 1504 1791 βίου
1544 1725 1786 1796 δημοσίᾳ
1822 1744 1898 1792 τε,

214 1817 270 1866 εἴ
317 1809 428 1866 πού
480 1831 533 1866 τι
588 1812 817 1882 ἔπραξα,
876 1813 1130 1875 τοιοῦτος
1182 1812 1494 1880 φανοῦμαι,
1547 1809 1640 1864 καὶ
1694 1812 1811 1883 ἰδίᾳ
1865 1801 1896 1866 ὃ

216 1898 382 1963 αὐτὸς
421 1891 609 1970 οὗτος,
658 1898 850 1954 οὐδενὶ
888 1896 1106 1954 πώποτε
1145 1896 1498 1970 ξυγχωρήσας
1537 1894 1709 1952 οὐδὲν
1747 1896 1895 1969 παρὰ

213 1984 275 2041 τὸ
332 1989 552 2041 δίκαιον
600 1984 726 2041 οὔτε
780 1984 927 2060 ἄλλῳ
977 1984 1104 2041 οὔτε
1157 1984 1371 2041 τούτων
1419 1984 1635 2055 οὐδενί,
1691 1981 1789 2051 οὓς
1842 1988 1900 2042 οἱ

216 2072 609 2144 διαβάλλοντες
663 2075 760 2145 ἐμέ
808 2090 980 2145 φασιν
1036 2071 1199 2144 ἐμοὺς
1252 2072 1504 2143 μαθητὰς
1555 2071 1712 2129 εἶναι.
1790 2073 1895 2144 ἐγὼ

217 2161 279 2217 δὲ
326 2161 658 2227 διδάσκαλος
711 2161 813 2232 μὲν
859 2159 1091 2226 οὐδενὸς
1139 2159 1348 2216 πώποτ’
1403 2160 1695 2232 ἐγενόμην·
1742 2164 1793 2217 εἰ
1837 2162 1900 2216 δέ

215 2253 298 2314 τίς
335 2270 443 2319 μου
481 2249 741 2319 λέγοντος
777 2249 870 2303 καὶ
899 2248 967 2304 τὰ
1000 2251 1240 2321 ἐμαυτοῦ
1272 2247 1609 2320 πράττοντος
1640 2250 1899 2320 ἐπιθυμεῖ

216 2334 471 2406 ἀκούειν,
517 2344 624 2391 εἴτε
668 2335 935 2407 νεώτερος
980 2343 1087 2392 εἴτε
1132 2335 1519 2409 πρεσβύτερος,
1560 2333 1753 2392 οὐδενὶ
1789 2335 1896 2393 παί-

160 2432 346 2480 Βποτε
384 2423 701 2495 ἐφθόνησα,
754 2422 888 2479 οὐδὲ
925 2423 1173 2496 χρήματα
1211 2424 1314 2494 μὲν
1345 2424 1351 2497 Ι
1379 2422 1679 2494 λαμβάνων
1719 2425 1898 2480 διαλέ-

215 2533 401 2583 γομαι,
439 2511 512 2583 μὴ
553 2510 853 2582 λαμβάνων
893 2510 956 2566 δὲ
996 2511 1082 2581 οὔ,
1122 2509 1244 2566 ἀλλ’
1290 2509 1493 2583 ὁμοίως
1528 2512 1620 2566 καὶ
1650 2516 1896 2587 πλουσίῳ
1992 2528 1995 2532 ·

215 2599 308 2654 καὶ
346 2600 538 2669 πένητι
575 2599 793 2671 παρέχω
834 2596 1072 2669 ἐμαυτὸν
1113 2599 1341 2670 ἐρωτᾶν,
1380 2599 1474 2653 καὶ
1514 2597 1611 2654 ἐάν
1648 2621 1729 2665 τις
1766 2598 1897 2670 βού-

216 2693 376 2757 ληται
415 2684 851 2757 ἀποκρινόμενος
896 2684 1122 2741 ἀκούειν
1170 2678 1250 2741 ὦν
1298 2683 1368 2740 ἂν
1415 2686 1570 2757 λέγω.
1646 2687 1738 2742 καὶ
1776 2686 1896 2742 τού-

216 2796 329 2829 των
368 2771 473 2843 έγώ
521 2780 628 2828 εἴτε
673 2794 754 2838 τις
799 2772 1035 2845 χρηστὸς
1078 2776 1324 2843 γίγνεται
1372 2779 1478 2829 εἴτε
1524 2774 1625 2845 μή,
1679 2772 1782 2829 οὐκ
1826 2770 1898 2829 ἂν

218 2865 444 2926 δικαίως
503 2859 606 2932 τὴν
670 2863 853 2915 αἰτίαν
914 2858 1197 2931 ὑπέχοιμι,
1259 2852 1339 2915 ὧν
1392 2859 1526 2932 μήτε
1578 2858 1898 2932 ὑπεσχόμην

2002 1083 2020 1099 Υ».
2003 1044 2020 1066 ι*
2003 969 2020 1033 ,ε’-ι’..
1999 912 2020 962 ⁵*th
2001 868 2020 903 n·
2002 819 2005 825 “
