2020 3198
278 138 384 191 190
947 139 1284 183 ΠΛΑΤΩΝΟΣ
1906 149 1962 190 16

271 265 372 312 τοῦ
389 255 651 328 Ἕκτορος
687 257 796 312 ὑπὸ
826 266 939 312 τῶν
976 259 1184 329 Τρώων
1216 257 1391 328 φησὶν
1421 264 1715 316 καλεῖσθαι
1740 257 1961 318 Ἀστυά-
1983 324 1994 329 Ἣ

198 345 239 389 D
270 365 461 413 νακτα,
496 349 503 410 Ι
538 346 934 417 Σκαμάνδριον
967 343 1028 400 δὲ
1060 348 1233 416 δῆλον
1265 347 1349 401 ὅτι
1378 347 1487 402 ὑπὸ
1518 358 1630 403 τῶν
1660 359 1959 420 γυναικῶν,

270 433 457 502 ἐπειδὴ
498 434 557 488 οἵ
588 453 652 502 γε
691 435 891 505 ἄνδρες
930 435 1100 489 αὐτὸν
1133 433 1505 491 Ἀστυάνακτα
1544 436 1802 503 ἐκάλουνς

417 521 584 575 ΕΡΜ.
647 520 834 576 ’Έοικέ
868 542 946 591 γε.

418 608 535 663 ΣΩ.
602 610 824 664 Οὐκοῦν
854 609 1197 683 καὶὍμηρος
1226 615 1357 676 τοὺς
1387 616 1577 683 Τρῶας
1605 613 1959 686 σοφωτέρους

270 697 455 766 ἡγεῖτο
494 698 528 767 ἢ
567 699 664 761 τὰς
700 707 967 766 γυναῖκας
1006 699 1215 765 αὐτῶν;

417 786 583 840 ΕΡΜ.
664 781 831 855 Οἶμαι
869 789 1053 855 ἔγωγε.

418 873 533 928 Σῼ.
595 875 707 927 Τὸν
725 873 1095 928 Ἀστυάνακτα
1116 876 1222 946 ἄρα
1246 875 1551 948 ὀρθότερον
1576 875 1712 949 ᾤετο
1735 882 1958 933 κεῖσθαι

266 968 343 1035 τῷ
380 960 539 1016 παιδὶ
575 961 610 1030 ἢ
649 963 748 1015 τὸν
787 963 1209 1034 Σκαμάνδριον;

417 1049 585 1103 ΕΡΜ.
669 1052 944 1104 Φαίνεται.

416 1137 533 1191 ΣΩ.
611 1142 928 1208 Σκοπῶμεν,
966 1139 1035 1207 δὴ
1083 1139 1175 1192 διὰ
1219 1141 1279 1192 τί
1318 1157 1463 1193 ποτε.
1541 1139 1574 1209 ἢ
1623 1141 1788 1205 αὐτὸς
1824 1142 1958 1213 ἡμῖν

265 1228 528 1280 κάλλιστα
566 1225 861 1296 ὑφηγεῖται
897 1229 959 1280 τὸ
1001 1227 1166 1291 διότι;
1209 1226 1384 1296 φησὶν
1422 1229 1552 1299 γάρ·

197 1314 235 1358 Ε
419 1312 426 1387 Ι
469 1310 585 1379 οἷος
621 1315 728 1386 γάρ
768 1330 903 1385 σφιν
943 1317 1105 1386 ἔρυτο
1143 1317 1306 1369 πόλιν
1344 1315 1436 1370 καὶ
1473 1319 1650 1386 τείχεα
1689 1319 1881 1389 μακρά.

268 1404 360 1456 διὰ
405 1410 577 1456 ταῦτα
621 1405 716 1472 δή,
764 1404 836 1466 ὡς
875 1405 1078 1472 ἔοικεν,
1126 1403 1311 1474 ὀρθῶς
1349 1406 1458 1473 ἔχει
1494 1409 1683 1459 καλεῖν
1720 1407 1818 1459 τὸν
1855 1414 1956 1460 τοῦ

266 1497 511 1562 σωτῆρος
556 1492 683 1545 υίὸν
715 1489 1087 1545 Ἀστυάνακτα
1124 1492 1352 1560 τούτου,
1400 1492 1429 1546 ὃ
1470 1494 1668 1567 ἔσωζεν
1707 1493 1736 1548 ὁ
1776 1496 1954 1567 πατὴρ

265 1579 462 1648 αὐτοῦ,
504 1580 577 1642 ὥς
615 1593 789 1648 φησιν
812 1578 1065 1650 Ὅμηρος.

411 1668 575 1721 ΕΡΜ.
659 1670 927 1722 Φαίνεταί
958 1687 1067 1737 μοι.

414 1755 530 1809 ΣΩ.
615 1758 686 1808 Τί
728 1756 796 1824 δή
834 1773 988 1820 ποτε;
1039 1755 1106 1809 οὐ
1144 1756 1250 1827 γάρ
1289 1774 1373 1810 πω
1414 1754 1535 1810 οὐδ’
1581 1757 1744 1822 αὐτὸς
1783 1760 1951 1828 ἔγωγε

263 1845 562 1914 μανθάνω,
603 1840 646 1897 ὦ
678 1841 1023 1914 Ἑρμόγενες·
1064 1847 1134 1898 σὺ
1175 1841 1236 1898 δὲ
1274 1845 1604 1914 μανθάνεις;

411 1932 576 1987 ΕΡΜ.
653 1933 754 1985 Mo}
790 1930 889 1984 Δί’
933 1932 1037 1986 οὐκ
1074 1934 1259 2001 ἔγωγε.

145 2038 231 2080 393
415 2019 421 2092 Ι
465 2019 581 2073 Σῼ.
655 2018 799 2073 Ἀλλ’
844 2014 975 2090 ἆρα,
1024 2019 1237 2089 ὠγαθέ,
1282 2018 1375 2074 καὶ
1420 2028 1496 2093 τῷ
1530 2020 1749 2093 Ἕκτορι
1788 2023 1953 2088 αὐτὸς

262 2111 422 2163 ἔθετο
461 2110 522 2162 τὸ
563 2109 739 2177 ὄνομα
764 2106 1026 2179 Ὅμηροςς

413 2195 577 2251 ΕΡΜ.
663 2197 734 2248 Τί
768 2196 863 2264 ὃή;

412 2283 528 2337 Σῼ.
601 2283 718 2337 Ὅτι
770 2303 864 2353 μοι
919 2285 1075 2338 δοκεῖ
1122 2283 1215 2338 καὶ
1260 2292 1423 2339 τοῦτο
1470 2289 1851 2357 παραπλήσιόν
1895 2308 1949 2342 τι

262 2367 406 2426 εἶναι
443 2379 519 2444 τῷ
554 2368 930 2440 Ἀστυάνακτι,
968 2371 1062 2425 καὶ
1099 2374 1277 2426 ἔοικεν
1308 2371 1650 2441 Ἑλληνικοῖς
1679 2381 1851 2427 ταῦτα
1880 2377 1947 2428 τὰ

264 2460 521 2529 ὀνόματα.
602 2459 631 2513 ὁ
678 2460 783 2529 γὰρ
831 2459 967 2523 ἄναξ
1008 2458 1100 2512 καὶ
1140 2459 1169 2512 ὁ
1209 2458 1378 2530 ἕκτωρ
1420 2461 1617 2529 σχεδόν
1654 2480 1708 2513 τι
1744 2462 1948 2517 ταύτὸν

263 2550 517 2618 σημαίνει
572 2547 849 2615 [βασιλικὰ
904 2546 1184 2617 ἀμφότερα
1238 2544 1380 2601 εἶναι
1424 2549 1491 2601 τὰ
1537 2547 1825 2618 ὀνόματα]·
1879 2546 1947 2604 οὗ

262 2638 368 2706 γὰρ
417 2637 486 2689 ἄν
531 2654 613 2698 τις
660 2635 793 2700 ἄναξ
839 2628 900 2704 ᾖ,
955 2634 1047 2689 καὶ
1092 2634 1262 2705 ἕκτωρ
1310 2636 1490 2704 δήπου
1537 2635 1686 2691 ἐστὶν
1722 2639 1948 2692 τούτου·

263 2726 436 2792 δῆλον
474 2724 578 2793 γὰρ
619 2723 702 2776 ὅτι
740 2731 930 2792 κρατεῖ
959 2727 966 2788 Ι
999 2741 1057 2776 τε
1097 2723 1268 2776 αὐτοῦ
1306 2723 1398 2777 καὶ
1435 2724 1686 2794 κέκτηται
1715 2725 1806 2779 καὶ
1837 2728 1945 2796 ἔχει

261 2812 410 2866 αὐτό.
487 2811 521 2881 ἢ
571 2810 737 2865 οὐδέν
785 2825 874 2865 σοι
921 2812 1065 2865 δοκῶ
1113 2810 1319 2880 λέγειν,
1368 2811 1505 2866 ἀλλὰ
1553 2814 1815 2868 λανθάνω
1855 2813 1946 2868 καὶ
