2020 3198
228 149 336 202 136
900 150 1239 195 ΠΛΑΤῼΝΟΣ

226 267 283 333 ἐξ
321 259 404 323 οἷν
436 269 549 322 ἔδει
581 264 757 338 αὐτὴν
790 271 1147 339 συντεθῆναι.
1207 265 1244 340 ἢ
1269 266 1568 336 ἀποδέξει;’
1595 267 1913 343 ”οὖὸ“αμῶς,’

227 357 361 426 ἔφη,
417 347 482 410 ‘03
538 354 866 428 Σώκρατες’
953 355 1233 412 ἀἰσθάνει
1281 349 1425 426 οὖν,’
1472 349 1509 428 ἦ
1558 356 1610 413 δ’
1661 356 1749 430 ὅς,
1808 357 1911 415 ’ὅτι

225 441 400 498 ταῦτά
441 432 532 499 σοι
572 449 864 515 συμβαίνει
901 445 1110 516 λέγειν,
1150 443 1286 500 ὅταν
1327 448 1439 518 φῇς
1488 445 1591 517 μὲν
1629 444 1773 503 εἶναι
1810 445 1914 519 τὴν

224 530 414 603 ψυχὴν
465 532 598 605 πρὶν
649 533 742 588 καὶ
792 536 870 598 εἰς
927 531 1240 605 ἀνθρώπου
1300 531 1450 599 εἶδός
1506 557 1568 606 γε
1615 535 1708 591 καὶ
1757 539 1915 607 σῶμα

227 618 552 691 ἀφικέσθαι,
585 616 729 675 εἷναι
762 619 824 676 δὲ
856 618 1033 692 αὐτήν
1064 623 1430 693 συγκειμένην
1463 624 1522 678 ἐκ
1550 628 1663 679 τῶν
1695 621 1911 680 οὐδέπω

228 706 436 774 ὅντωνς
476 706 545 764 οὐ
584 706 693 779 γὰρ
734 706 804 780 δὴ
843 705 1084 781 ἁρμονία
1122 710 1189 780 γέ
1233 726 1323 766 σοι
1368 709 1631 767 τοιοῦτόν
1680 713 1830 768 ἐστιν
1869 705 1913 788 ᾧ

226 794 557 866 ἀπεικάζεις,
605 793 747 850 ἀλλὰ
784 795 1058 869 πρότερον
1096 797 1190 852 καὶ
1226 795 1262 869 ἡ
1309 796 1452 871 λύρα
1490 798 1584 853 καὶ
1622 800 1685 854 αι’
1717 800 1911 872 χορδαὶ

224 886 319 940 καὶ
390 889 448 940 οἱ
514 883 763 957 φθόγγοι
832 888 911 939 ἔτι
980 883 1323 958 ἀνάρμοστοι
1386 884 1542 952 ὄντες
1608 892 1914 958 γίγνονται,

177 973 240 1046 C!
267 979 586 1029 τελευταῖον
643 972 705 1028 δὲ
757 971 985 1028 πάντων
1047 974 1364 1040 ξυνίσταται
1423 971 1460 1046 ἡ
1522 972 1765 1048 ἁρμονία
1822 975 1912 1030 καὶ

224 1064 449 1131 πρῶτον
496 1059 818 1116 ἀπόλλυται.
902 1053 1065 1127 οὗτος
1120 1054 1227 1117 οὖν
1283 1077 1374 1118 σοι
1428 1060 1458 1117 ὃ
1506 1064 1671 1134 λόγος
1723 1064 1914 1139 ἐκείνῳ

223 1152 341 1215 πῶς
374 1148 712 1222 ξυνᾴσεται;’
753 1147 1072 1220 (οὐδαμῶςξ
1106 1153 1211 1220 ἔφη
1247 1146 1276 1205 ὁ
1310 1154 1569 1221 Σιμμίας.
1624 1150 1735 1206 ’καὶ
1764 1151 1913 1222 μήν,’

223 1230 260 1309 ἦ
315 1235 369 1292 δ’
429 1235 515 1309 ὅς,
567 1237 777 1309 επρέπει
824 1259 888 1308 γε
945 1243 1095 1310 εἴπερ
1145 1258 1220 1313 τῳ
1278 1235 1426 1312 ἄλλῳ
1479 1237 1629 1314 λόγῳ
1686 1241 1913 1316 ξυνωδῷ

225 1322 372 1381 εἶναι
425 1325 517 1380 καὶ
571 1329 647 1401 τῷ
702 1325 828 1398 περὶ
878 1323 1184 1397 ἆρμονίας.’
1274 1326 1486 1394 επρέπει
1533 1326 1682 1399 γάρ,’
1730 1332 1835 1400 ἔφη
1883 1325 1912 1383 ὁ

223 1417 485 1485 Σιμμίας.
554 1405 741 1478 (οὗτος
777 1415 1010 1483 τοίνυν,’
1051 1417 1176 1484 ἔφη,
1217 1413 1329 1468 εσοὶ
1369 1412 1437 1469 οὐ
1482 1415 1750 1488 {mag-0663·
1789 1413 1910 1471 ἀλλ’

225 1500 349 1575 ὅρα,
373 1501 611 1575 πότερον
637 1503 786 1573 αἱρεῖ
811 1504 925 1557 τῶν
956 1501 1161 1572 λόγων,
1195 1499 1299 1572 τὴν
1323 1500 1574 1573 μάθησιν
1598 1501 1914 1575 ἀνάμνησιν

224 1586 428 1661 εἶναιῆ
461 1587 647 1661 ψυχὴν
679 1586 956 1661 ἁρμονίαν
968 1590 1002 1655 ;’
1037 1588 1200 1645 επολὺ
1223 1591 1476 1661 μᾶλλον,’
1508 1593 1635 1662 ἔφη,
1660 1592 1914 1663 τἐκεῖνον,

225 1671 269 1734 ὦ
316 1677 627 1751 Σώκρατες.
705 1675 802 1733 ὅδε
855 1677 957 1748 μὲν
1009 1676 1118 1750 γάρ
1166 1699 1261 1749 μοι
1306 1677 1538 1748 γέγονεν
1589 1677 1727 1735 ἄνευ
1779 1677 1914 1736 ἀπο-

163 1768 444 1834 Βδείξεως
481 1764 615 1838 μετὰ
655 1764 865 1831 εἰκότος
902 1764 1054 1831 τινὸς
1090 1766 1184 1821 καὶ
1217 1772 1226 1834 Ι
1260 1764 1602 1838 εὐπρεπείας,
1642 1765 1782 1823 ὅθεν
1819 1769 1914 1823 καὶ

222 1866 339 1921 τοῖς
376 1860 602 1921 πολλοῖς
643 1857 800 1910 δοκεῖ
836 1852 1182 1926 ἀνθρώποις·
1234 1852 1340 1926 ἐγώ
1389 1854 1451 1911 δὲ
1497 1865 1615 1921 τοῖς
1661 1853 1754 1911 διὰ
1800 1859 1913 1912 τῶν

223 1942 455 2000 εἰκότων
508 1941 605 2008 τὰς
668 1941 976 2009 ἀποδείξεις
1028 1943 1385 2014 ποιουμένοις
1437 1941 1628 2014 λόγοις
1681 1942 1914 2010 ξύνοιδα

224 2024 390 2087 οὖσιν
438 2029 727 2101 ἀλαζόσιν,
780 2031 874 2086 καὶ
921 2029 993 2086 ἄν
1037 2051 1121 2097 τις
1174 2029 1380 2097 αὐτοὺς
1436 2030 1510 2103 μὴ
1553 2030 1912 2103 φυλάττηται,

223 2112 287 2175 εὖ
342 2118 490 2191 μάλα
545 2121 876 2189 ἐξαπατῶσι,
931 2119 1024 2174 καὶ
1078 2121 1140 2175 ἐν
1192 2124 1495 2193 γεωμετρίᾳ
1544 2119 1638 2174 καὶ
1687 2121 1749 2175 ἐν
1798 2131 1913 2187 τοῖς

225 2206 415 2273 ἄλλοις
454 2206 675 2263 ἅπασιν.
754 2205 783 2262 ὁ
827 2206 888 2262 δὲ
926 2207 1051 2277 περὶ
1080 2210 1178 2278 τῆς
1209 2205 1572 2279 ἀναμνήσεως
1601 2207 1695 2263 καὶ
1733 2208 1911 2280 μαθή-

226 2314 364 2362 σεως
402 2295 569 2366 λόγος
609 2293 683 2351 δι’
728 2292 1050 2360 ὑποθέσεως
1088 2295 1244 2361 ἀξίας
1274 2293 1655 2361 ἀποδέξασθαι
1685 2302 1911 2369 εἴρηται.

224 2383 439 2457 ἐρρήθη
479 2383 587 2455 γάρ
627 2404 737 2439 που
777 2381 953 2448 οὕτως
990 2380 1149 2454 ἡμῶν
1197 2380 1340 2438 εἶναι
1378 2380 1413 2453 ἡ
1453 2381 1600 2454 ψυχὴ
1646 2383 1739 2438 καὶ
1777 2385 1910 2456 πρὶν

225 2475 305 2537 εἰς
367 2474 525 2541 σῶμα
580 2468 910 2541 ἀφικέσθαι,
975 2468 1156 2541 ὥσπερ
1235 2469 1371 2537 αὐτὴ
1443 2474 1593 2525 ἔστιν
1654 2468 1689 2541 ἡ
1746 2469 1911 2527 οὐσία

169 2570 207 2614 Ε
226 2563 427 2631 ἔχουσα
451 2555 553 2628 τὴν
579 2559 898 2628 ἐπωνυμίαν
923 2555 1025 2628 τὴν
1048 2560 1148 2613 τοῦ
1174 2555 1205 2613 ὃ
1231 2562 1395 2613 ἔστιν.
1435 2556 1540 2628 ἐγώ
1562 2557 1570 2631 Ι
1590 2558 1654 2614 δὲ
1683 2558 1910 2632 ταύτην,

224 2644 300 2712 ὥς
332 2643 572 2717 ἐμαυτὸν
604 2651 801 2715 πείθω,
843 2647 1046 2711 ίκανῶς
1084 2667 1141 2702 τε
1171 2646 1262 2701 καὶ
1303 2644 1493 2718 ὀρθῶς
1524 2644 1910 2720 ἀποδέδεγμαι.

223 2733 438 2805 ἀνάγκη
465 2725 570 2790 οὖν
594 2755 706 2804 μοι,
741 2730 816 2798 ὥς
840 2736 1001 2804 ἔοικε,
1034 2731 1127 2789 διὰ
1151 2737 1324 2789 ταῦτα
1354 2733 1489 2805 μήτε
1514 2736 1752 2805 ἐμαυτοῦ
1776 2736 1911 2808 μήτε

223 2822 402 2879 ἄλλον
433 2820 811 2894 ἀποδέχεσθαι
842 2823 1117 2893 λέγοντος,
1157 2819 1230 2887 ὥς
1269 2822 1417 2894 ψυχή
1451 2823 1601 2878 ἐστιν
1633 2821 1910 2895 ἆρμονία.’
