2020 3198
261 155 372 207 144
926 158 1265 202 ΠΛΑΤΩΝΟΣ

259 276 379 329 δεῖν
417 274 541 346 περὶ
580 273 756 331 αὐτοῦ
793 272 1005 348 εὑρεῖν,
1058 274 1165 349 ὅπῃ
1206 277 1494 347 βέλτιστον
1533 274 1681 352 αὐτῷ
1723 278 1872 332 ἐστιν
1910 272 1946 347 ἢ

257 358 401 417 εἶναι
440 359 474 433 ἢ
514 360 650 418 ἄλλο
690 360 882 420 ὁτιοῦν
927 363 1160 436 πάσχειν
1207 361 1242 436 ἢ
1292 370 1494 420 ποιεῖν·
1542 366 1600 420 ἐκ
1639 363 1702 420 δὲ
1740 362 1810 436 δὴ
1847 372 1948 420 τοῦ
2014 349 2020 380 ¹

199 448 467 523 ΒΙλόγου
519 450 724 507 τούτου
778 450 948 508 οὐδὲν
1001 451 1137 508 ἄλλο
1203 463 1430 509 σκοπεῖν
1490 451 1792 525 προσήκειν
1852 451 1940 509 ἄν·
2015 450 2020 486 ³³

256 539 466 613 θρώπῳ
521 539 614 595 καὶ
658 540 783 612 περὶ
831 537 1005 595 αὑτοῦ
1051 540 1143 595 καὶ
1190 539 1317 613 περὶ
1364 538 1578 611 ἄλλων,
1631 537 1754 596 ἀλλ’
1804 538 1839 612 ἢ
1884 539 1947 598 τὸ

258 625 492 699 ἄριστον
543 628 635 683 καὶ
687 627 751 684 τὸ
806 630 1107 699 βέλτιστον.
1185 627 1492 699 ἀναγκαῖον
1540 628 1602 684 δὲ
1655 626 1801 685 εἶναι
1849 627 1948 686 τὸν
2018 619 2020 622 ’

259 712 432 772 αὐτὸν
469 719 673 773 τοῦτον
717 717 810 772 καὶ
855 716 917 773 τὸ
965 728 1154 790 χεῖρον
1201 718 1430 773 εἰδέναι·
1477 715 1581 788 τὴν
1629 716 1804 790 αὐτὴν
1841 717 1948 791 γὰρ

259 801 405 859 εἶναι
451 804 755 877 ἐπιστήμην
801 806 927 878 περὶ
973 804 1173 862 αὐτῶν.
1248 809 1424 861 ταῦτα
1479 805 1547 877 δὴ
1596 805 1950 878 λογιζόμενος
2018 795 2020 802 ²

260 891 500 964 ἄσμενος
538 891 831 966 εὑρηκέναι
880 893 1037 970 ᾤμην
1087 894 1430 950 διδάσκαλον
1474 898 1571 966 τῆς
1609 898 1788 960 αἰτίας
1823 895 1948 967 περὶ

258 984 372 1037 τῶν
411 980 593 1038 ὄντων
630 982 768 1038 κατὰ
806 986 950 1039 νοῦν
990 986 1232 1060 ἐμαυτῷ,
1277 981 1377 1039 τὸν
1411 982 1812 1056 Ἀναξαγόραν,
1857 994 1950 1038 καί
2012 971 2020 1038 ’Ξ

261 1091 355 1141 μοι
416 1069 655 1142 φράσειν
715 1074 938 1143 πρῶτον
1008 1072 1136 1142 μέν,
1197 1071 1435 1144 πότερον
1496 1069 1531 1143 ἡ
1595 1075 1666 1142 γῆ
1719 1070 1948 1127 πλατεῖα
2018 1072 2020 1074 ’

206 1158 412 1214 Εέστιν
450 1155 486 1230 ἢ
535 1159 875 1232 στρογγύλη,
931 1158 1116 1231 ἐπειδὴ
1164 1159 1226 1215 δὲ
1265 1159 1556 1232 φράσειεν,
1591 1165 1599 1227 Ι
1635 1158 1949 1231 ἐπεκδιηγή-

262 1253 462 1301 σεσθαι
499 1244 603 1318 τὴν
643 1251 829 1302 αἰτίαν
866 1247 959 1303 καὶ
996 1246 1098 1319 τὴν
1130 1246 1403 1319 ἀνάγκην,
1441 1248 1675 1318 λέγοντα
1704 1247 1766 1304 τὸ
1799 1246 1951 1320 ἄμει-

261 1356 367 1390 νον
405 1336 497 1391 καὶ
537 1334 624 1391 ὅτι
662 1335 839 1408 αὐτὴν
878 1334 1114 1407 ἄμεινον
1151 1329 1224 1407 ἦν
1263 1338 1527 1407 τοιαύτην
1567 1333 1732 1392 εἶναι·
1770 1336 1863 1392 καὶ
1902 1339 1954 1391 εἰ

262 1425 325 1479 ἐν
362 1424 508 1499 μέσῳ
549 1428 687 1496 φαίη
727 1422 872 1481 εἶναι
904 1422 1099 1495 αὐτήν,
1140 1423 1656 1496 ἐπεκδιηγήσεσθαι,
1695 1422 1770 1489 ὥς
1800 1423 1951 1495 ἄμει-

260 1533 365 1567 νον
404 1505 476 1583 ἦν
517 1510 692 1583 αὐτὴν
732 1514 793 1568 ἐν
832 1513 978 1588 μέσῳ
1028 1510 1192 1568 εἶναι·
1238 1513 1331 1568 καὶ
1380 1519 1435 1568 εἴ
1473 1535 1567 1584 μοι
1612 1516 1784 1570 ταῦτα
1823 1511 1951 1568 ἄπο-

262 1604 539 1671 φαίνοιτο,
563 1599 1024 1674 παρεσκευάσμην
1057 1598 1132 1666 ὡς
1163 1599 1345 1656 οὐκέτι
1369 1600 1753 1672 ποθεσόμενος
1775 1604 1952 1667 αἰτίας

262 1687 398 1744 ἄλλο
447 1686 609 1755 εἶδος.
685 1689 778 1745 καὶ
825 1687 894 1761 δὴ
939 1688 1032 1744 καὶ
1077 1689 1203 1760 περὶ
1249 1687 1413 1760 ἡλίου
1461 1687 1605 1745 οὕτω
1653 1706 1951 1763 παρεσκευ-

191 1793 246 1834 98
265 1775 467 1849 άσμην,
502 1783 510 1845 Ι
545 1775 807 1842 ὡσαύτως
851 1776 1217 1849 πευσόμενος,
1270 1777 1364 1833 καὶ
1412 1776 1647 1848 σελήνης
1698 1778 1791 1833 καὶ
1838 1782 1951 1835 τῶν

265 1863 450 1921 ἄλλων
490 1864 733 1938 ἄστρων,
772 1864 974 1937 τάχους
1011 1886 1070 1921 τε
1107 1867 1232 1938 πέρι
1270 1864 1409 1939 πρὸς
1447 1865 1658 1939 ἄλληλα
1698 1866 1791 1921 καὶ
1828 1888 1951 1938 τρο-

262 1956 384 2009 πῶν
423 1953 517 2010 καὶ
552 1955 666 2009 τῶν
705 1951 892 2009 ἄλλων
930 1953 1297 2026 παθημάτων,
1337 1956 1411 2027 πῇ
1451 1973 1582 2010 ποτε
1611 1952 1764 2010 ταῦτ’
1801 1953 1953 2026 ἄμει-

262 2040 368 2098 νόν
409 2044 558 2098 ἐστιν
598 2043 830 2098 ἕκαστον
867 2043 960 2099 καὶ
998 2053 1181 2099 ποιεῖν
1218 2043 1311 2098 καὶ
1357 2041 1612 2114 πάσχειν,
1661 2041 1697 2098 ἃ
1743 2042 1953 2115 πάσχει.

265 2128 335 2185 οὗ
373 2128 479 2202 γάρ
520 2128 594 2185 ἄν
631 2149 763 2187 ποτε
810 2129 984 2188 αὐτὸν
1031 2130 1214 2206 ᾤμην,
1267 2130 1552 2201 φάσκοντά
1598 2152 1662 2202 γε
1698 2129 1806 2187 ὑπὸ
1846 2134 1954 2188 νοῦ

265 2215 405 2272 αὐτὰ
443 2222 850 2290 κεκοσμῆσθαι,
899 2217 1078 2291 ἄλλην
1115 2218 1240 2275 τινὰ
1286 2215 1476 2284 αὐτοῖς
1514 2221 1699 2274 αἰτίαν
1740 2221 1953 2290 ἐπενεγ-

264 2315 383 2361 κεῖν
422 2302 458 2376 ἢ
500 2304 585 2361 ὅτι
623 2308 910 2377 βέλτιστον
950 2305 1091 2363 αὐτὰ
1133 2305 1310 2372 οὕτως
1356 2310 1501 2377 ἔχειν
1550 2309 1724 2376 ἐστίν,
1770 2305 1953 2378 ὥσπερ

214 2397 396 2464 Βέχει·
445 2392 654 2469 ἑκάστῳ
704 2388 809 2450 οὖν
844 2400 852 2462 Ι
887 2394 1061 2451 αὐτὸν
1108 2393 1451 2450 ἀποδιδόντα
1499 2393 1601 2466 τὴν
1640 2398 1825 2450 αἰτίαν
1862 2393 1955 2449 καὶ

264 2483 426 2552 κοινῇ
467 2484 602 2536 πᾶσι
639 2481 701 2537 τὸ
743 2482 953 2557 ἑκάστῳ
1000 2484 1286 2553 βέλτιστον
1334 2480 1491 2557 ᾤμην
1528 2483 1622 2538 καὶ
1660 2480 1721 2538 τὸ
1761 2480 1955 2538 κοινὸν

265 2571 435 2624 πᾶσιν
476 2569 974 2642 ἐπεκδιηγήσεσθαι
1016 2569 1259 2641 ἀγαθόν·
1298 2570 1390 2625 καὶ
1431 2568 1533 2626 οὐκ
1565 2566 1636 2627 ὂὶν
1669 2568 1954 2642 ἀπεδόμην

266 2659 476 2712 πολλοῦ
524 2655 619 2722 τὰς
666 2659 914 2728 ἐλπίδας,
971 2655 1108 2713 ἀλλὰ
1164 2657 1314 2713 πάνυ
1363 2661 1580 2731 σπουδῇ
1628 2657 1818 2730 λαβὼν
1862 2656 1958 2724 τὰς

267 2749 497 2816 βίβλους
537 2742 612 2810 ὥς
649 2744 877 2816 τάχιστα
926 2739 1044 2811 οἷός
1089 2744 1137 2800 τ’
1188 2738 1224 2816 ἦ
1272 2743 1714 2817 ἀνεγίγνωσκον,
1763 2745 1840 2802 ἵν’
1884 2743 1959 2813 ὥς

270 2832 500 2905 τάχιστα
539 2836 746 2905 εἰδείην
786 2832 847 2889 τὸ
888 2834 1173 2904 βέλτιστον
1211 2832 1304 2888 καὶ
1342 2832 1405 2889 τὸ
1445 2845 1647 2905 χεῖρον.
