2020 3198
832 176 1073 223 ΦΑΙΔῼΝ.
1690 178 1795 230 167

112 284 276 358 οὗτος
318 290 502 368 κύκλῳ
555 291 867 366 περιελθών
921 293 1179 365 ἐμβάλλει
1233 298 1311 360 εἰς
1355 293 1454 352 τὸν
1507 294 1797 369 Τάρταρον

26 404 37 407 ·
113 381 364 446 ἐναντίος
406 383 483 456 τῷ
531 381 1039 453 Πυριφλεγέθοντι·
1087 380 1266 453 ὄνομα
1306 382 1368 439 δὲ
1404 382 1583 458 τούτῳ
1624 385 1795 454 ἐστίν,

115 464 189 533 ὥς
228 469 286 524 οἱ
319 467 541 538 ποιηταὶ
579 469 855 539 λέγουσιν,
894 467 1175 534 Κωκυτός.

259 556 424 612 LXII.
489 555 744 630 ΙΤούτων
798 556 861 612 δὲ
917 553 1092 623 οὕτως
1151 556 1508 629 πεφυκότων,
1571 558 1854 615 ἐπειδάνΙ)

113 641 421 714 ἀφίκωνται
461 645 519 699 oc
551 643 991 715 τετελευτηκότες
1028 648 1107 710 εἰς
1143 644 1244 701 τὸν
1290 645 1462 702 τόπον
1513 641 1572 702 οἷ
1606 645 1635 702 ὁ
1678 650 1797 703 δαί-

114 753 234 802 μων
289 732 521 788 ἕκαστον
573 736 805 804 κομίζει,
859 735 1080 806 πρῶτον
1135 733 1236 804 μὲν
1296 734 1684 791 διεδικάσαντο
1745 736 1803 790 οἵ

112 840 170 875 τε
205 822 387 885 καλῶς
421 821 515 876 καὶ
553 817 720 886 ὁσίως
757 819 1060 891 βιώσαντες
1095 821 1188 877 καὶ
1229 822 1287 876 οἱ
1304 821 1411 893 μή.
1471 821 1563 877 καὶ
1604 825 1662 877 οἳ
1696 821 1798 894 μὲν

113 904 184 962 ἂν
236 906 439 974 δόξωσι
497 911 675 979 μέσως
725 909 1076 980 βεβιωκέναι,
1134 910 1504 983 πορευθέντες
1553 910 1642 966 ἐπὶ
1699 909 1798 966 τὸν

110 994 417 1069 Ἀχέροντα,
458 994 764 1068 ἀναβάντες
802 993 837 1051 ἃ
878 996 948 1068 δὴ
989 996 1180 1064 αὐτοῖς
1213 997 1459 1070 ὀχήματά
1501 1000 1669 1069 ἐστιν,
1710 999 1799 1054 ἐπὶ

112 1083 326 1140 τούτων
366 1082 737 1155 ἀφικνοῦνται
776 1088 854 1149 εἰς
891 1082 995 1155 τὴν
1031 1089 1261 1156 λίμνην,
1299 1086 1392 1141 καὶ
1432 1087 1546 1142 ἐκεῖ
1581 1089 1805 1142 οἰκοῦσί

114 1194 171 1228 τε
230 1172 324 1228 καὶ
374 1171 779 1246 καθαιρόμενοι
838 1175 952 1229 ταῖν
1011 1193 1070 1229 τε
1129 1172 1486 1244 ἀδικημάτων
1549 1173 1801 1240 διδόντες

115 1264 271 1326 δίκας
307 1258 675 1330 ἀπολύονται,
721 1267 776 1316 εἴ
806 1264 889 1326 τίς
925 1281 978 1316 τι
1015 1258 1301 1332 ἠδίκηκεν,
1339 1264 1452 1318 τῶν
1489 1283 1548 1318 τε
1585 1260 1801 1335 εὐεργε-

115 1351 253 1405 σιῶν
291 1346 450 1419 τιμὰς
483 1350 491 1419 Ι
526 1348 791 1420 φέρονται
827 1347 965 1403 κατὰ
1002 1347 1106 1420 τὴν
1153 1346 1314 1416 ἀξίαν
1360 1350 1606 1417 ἕκαστος·
1646 1354 1704 1407 οἳ
1740 1349 1793 1406 δ’
1820 1358 1859 1403 Ε

115 1434 188 1492 ἂν
228 1434 466 1503 δόξωσιν
504 1434 744 1502 ἀνιάτως
774 1440 919 1507 ἔχειν
951 1435 1045 1492 διὰ
1077 1435 1143 1493 τὰ
1177 1438 1384 1509 μεγέθη
1416 1440 1529 1493 τῶν
1561 1436 1800 1511 ἁμαρτη-

115 1523 329 1596 μάτων,
379 1520 414 1595 ἢ
466 1525 778 1597 ἱεροσυλίας
822 1522 1029 1590 πολλὰς
1072 1525 1165 1580 καὶ
1211 1524 1451 1596 μεγάλας
1500 1522 1535 1598 ἢ
1588 1526 1802 1597 φόνους

115 1612 343 1678 ἀδίκους
370 1612 464 1668 καὶ
493 1611 852 1686 παρανόμους
874 1611 1117 1679 πολλοὺς
1141 1614 1550 1685 ἐξειργασμένοι
1572 1611 1607 1685 ἢ
1641 1613 1799 1686 ἄλλα,

116 1698 220 1756 ὅσα
257 1703 487 1756 τοιαῦτα
523 1699 784 1772 τυγχάνει
816 1698 971 1771 ὄντα,
1010 1700 1243 1767 τούτους
1276 1701 1338 1757 δὲ
1367 1699 1402 1772 ἡ
1442 1702 1801 1773 προσήκουσα

115 1799 283 1862 μοῖρα
321 1789 499 1861 ῥίπτει
545 1791 624 1854 εἰς
668 1786 768 1843 τὸν
822 1787 1136 1861 Τάρταρον,
1184 1787 1324 1845 ὅθεν
1372 1787 1575 1846 οὔποτε
1622 1792 1801 1861 ἐκβαί-

113 1893 327 1933 νουσιν.
404 1879 463 1931 οἳ
513 1873 564 1931 δ’
623 1872 695 1931 ἂν
748 1875 942 1946 ἰάσιμα
995 1876 1123 1947 μέν,
1178 1875 1388 1947 μεγάλα
1444 1876 1507 1933 δὲ
1561 1876 1800 1944 δόξωσιν

115 1963 488 2037 ἡμαρτηκέναι
525 1961 906 2036 ἁμαρτήματα,
947 1959 1071 2020 οἷον
1105 1963 1245 2035 πρὸς
1275 1965 1482 2037 πατέρα
1518 1961 1554 2036 ἢ
1594 1967 1800 2038 μητέρα

115 2050 208 2107 ὑπ’
254 2050 424 2123 ὀργῆς
453 2050 642 2122 βιάιόν
672 2072 726 2106 τι
754 2050 1074 2123 πράξαντες,
1105 2052 1198 2107 καὶ
1229 2053 1534 2123 μεταμέλον
1568 2058 1576 2121 Ι
1611 2052 1883 2121 αὐτοῖς114

115 2139 215 2195 τὸν
263 2138 434 2194 ἄλλον
481 2143 609 2209 βίον
655 2141 879 2209 βιῶσιν,
926 2135 962 2210 ἢ
1011 2138 1362 2213 ἀνδροφόνοι
1407 2140 1642 2216 τοιούτῳ
1687 2143 1800 2199 τινὶ

118 2226 266 2303 ἄλλῳ
312 2226 498 2302 τρόπω
543 2228 839 2298 γένωνται,
884 2226 1118 2293 τούτους
1163 2228 1225 2283 δὲ
1272 2229 1525 2299 ἐμπεσεῖν
1571 2229 1674 2301 μὲν
1722 2234 1801 2296 εἰς

116 2314 215 2372 τὸν
274 2314 563 2388 Τάρταρον
616 2312 859 2386 ἀνάγκη,
923 2315 1259 2387 ἐμπεσόντας
1320 2316 1383 2372 δὲ
1444 2315 1649 2383 αὐτοὺς
1707 2318 1799 2374 καὶ

118 2401 374 2459 ἐνιαυτὸν
413 2403 528 2459 ἐκεῖ
559 2403 895 2474 γενομένους
933 2402 1183 2474 ἐκβάλλει
1220 2402 1283 2460 τὸ
1323 2406 1490 2475 κῦμα,
1528 2404 1660 2471 τοὺς
1697 2404 1800 2476 μὲν

118 2488 508 2563 ἀνδροφόνους
544 2489 682 2545 κατὰ
719 2489 819 2547 τὸν
858 2491 1156 2562 Κωκυτόν,
1193 2491 1325 2557 τοὺς
1365 2492 1426 2548 δὲ
1463 2498 1801 2565 πατραλοίας

117 2577 210 2631 καὶ
262 2581 597 2649 μητραλοίας
647 2577 784 2633 κατὰ
845 2577 946 2635 τὸν
992 2581 1518 2652 Πυριφλεγέθοντα·
1574 2580 1798 2636 ἐπειδὰν

119 2664 182 2721 δὲ
234 2663 532 2736 φερόμενοι
579 2666 850 2735 γένωνται
897 2665 1035 2722 κατὰ
1085 2666 1189 2738 τὴν
1246 2672 1448 2740 λίμνην
1505 2669 1608 2739 τὴν
1656 2668 1800 2740 Ἀχε-

119 2751 410 2824 ρουσιάδα,
450 2753 699 2808 ἐνταῦθα
728 2756 910 2824 βοῶσί
934 2775 992 2810 τε
1021 2755 1114 2809 καὶ
1144 2758 1432 2826 καλοῦσιν,
1475 2758 1533 2810 οἰ
1567 2755 1668 2826 μὲν
1702 2754 1799 2820 οὓς

119 2838 468 2910 ἀπέκτειναν,
523 2840 582 2894 οἱ
633 2840 695 2895 δὲ
748 2838 847 2907 οὓς
898 2839 1164 2914 ὕβρισαν,
1213 2843 1542 2907 καλέσαντες
1588 2841 1639 2896 δ’
1693 2845 1797 2898 ἰκε-
