2020 3198
235 160 343 214 120
905 163 1245 208 ΠΛΑΤΩΝΟΣ

234 280 481 345 ξυνεῖναι
518 280 612 334 καὶ
658 278 750 335 διὰ
796 278 900 351 τὴν
939 280 1152 351 πολλὴν
1190 281 1421 352 μελέτην
1465 282 1750 352 ἐνεποίησε
1786 277 1915 351 ξύμ-

235 369 460 437 φυτον;’
509 367 675 423 επάνυ
720 369 817 439 γε.’
895 367 1176 441 “ἐμβριθὲς
1223 369 1289 424 δέ
1329 391 1416 440 γε,
1464 361 1509 425 ῶ
1555 373 1708 440 φίλε,
1750 369 1915 423 τοῦτο

237 460 459 527 οἴεσθαι
496 454 601 528 χρὴ
649 453 793 511 εἶναι
839 456 932 511 καὶ
977 454 1122 529 βαρὺ
1167 456 1260 511 καὶ
1306 459 1510 527 γεῶδες
1551 456 1644 512 καὶ
1690 453 1916 528 ὁρατόν·

237 539 268 597 ὃ
316 541 386 613 δὴ
436 543 529 598 καὶ
576 547 779 615 ἔχουσα
823 542 859 616 ἡ
903 543 1130 615 τοιαύτη
1177 543 1325 615 ψυχὴ
1380 544 1685 618 βαρύνεταί
1721 563 1780 600 τε
1824 542 1918 598 καὶ

237 630 448 686 ἕλκεται
484 630 654 686 πάλιν
694 635 770 697 εἰς
807 630 907 687 τὸν
955 630 1160 704 ὁρατὸν
1204 632 1404 704 τόπον,
1456 632 1615 708 φόβῳ
1661 634 1762 688 τοῦ
1807 628 1919 686 ἀει-

179 730 216 774 D
237 720 373 782 δοῦς
408 738 467 774 τε
503 718 596 773 καὶ
621 716 834 790 Ἅιδου,
875 717 1057 792 ῶσπερ
1097 721 1327 791 λέγεται,
1366 721 1491 794 περὶ
1520 719 1586 776 τὰ
1621 727 1629 790 Ι
1662 716 1918 792 μνήματά

235 826 293 861 τε
322 805 416 861 καὶ
445 805 577 872 τοὺς
605 806 818 877 τάφους
847 810 1273 880 κυλινδουμένη,
1298 809 1423 882 περὶ
1454 808 1489 864 ὁὶ
1524 808 1594 880 δὴ
1625 807 1719 864 καὶ
1750 805 1918 878 ῶφθη

237 891 371 948 ἅττα
408 897 606 965 ψυχῶν
646 899 891 967 σκιοειδῆ
931 896 1322 968 φαντάσματα,
1363 892 1454 953 οἷα
1492 897 1823 970 παρέχονται
1863 895 1924 950 αἱ

235 983 489 1037 τοιαῦται
525 983 699 1054 ψυχαὶ
744 987 971 1055 εἴδωλα,
1017 986 1080 1039 αἱ
1122 984 1196 1057 μὴ
1234 989 1497 1058 καθαρῶς
1534 974 1920 1052 ἀπολυθεῖσαι,

237 1067 378 1124 ἀλλὰ
415 1073 518 1125 τοῦ
557 1068 763 1143 ὁρατοῦ
795 1073 1136 1144 μετέχουσαι,
1177 1072 1266 1130 διὸ
1297 1074 1389 1129 καὶ
1423 1071 1698 1146 ὁρῶνται.’
1755 1070 1922 1137 ἐἰκός

237 1178 318 1229 γε,
357 1150 402 1214 ῶ
441 1158 768 1232 Σώκρατες’
842 1159 1006 1225 (εἰκὸς
1044 1162 1258 1233 μέντοι,
1305 1155 1350 1217 ῶ
1389 1163 1594 1232 Κέβης·
1632 1160 1725 1216 καὶ
1764 1158 1833 1216 οὔ
1869 1163 1925 1214 τί

237 1267 301 1316 γε
338 1243 435 1311 τὰς
471 1249 584 1302 τῶν
624 1246 859 1318 ἀγαθῶν
897 1247 1098 1313 ταύτας
1137 1246 1299 1319 εἶναι,
1338 1247 1479 1304 ἀλλὰ
1509 1247 1607 1314 τὰς
1634 1251 1748 1305 τῶν
1780 1247 1923 1318 φαύ-

238 1339 380 1404 λων,
443 1338 506 1390 αἳ
561 1336 686 1407 περὶ
745 1334 813 1391 τὰ
865 1339 1093 1392 τοιαῦτα
1148 1335 1550 1407 ἀναγκάζονται
1602 1339 1921 1392 πλανᾶσθαι

241 1425 405 1493 δίκην
457 1426 712 1479 τίνουσαι
771 1427 869 1495 τῆς
921 1425 1188 1497 προτέρας
1248 1428 1458 1497 τροφῆς
1509 1427 1680 1496 κακῆς
1733 1422 1921 1495 οὔσης·

187 1509 337 1566 Εκαὶ
374 1510 531 1582 με’χρι
562 1532 624 1581 γε
661 1510 864 1567 τούτου
902 1515 1237 1582 πλανῶνται,
1278 1514 1379 1578 ἕως
1408 1509 1482 1568 ἀν
1518 1516 1584 1586 τῇ
1623 1515 1724 1568 τοῦ
1758 1517 1766 1581 Ι
1800 1514 1925 1578 ξυν-

241 1602 764 1665 επακολουθοῦντος
792 1603 894 1655 τοῦ
934 1604 1343 1672 σωματοειδοῦς
1381 1603 1649 1675 ἐπιθυμίᾳ
1688 1602 1925 1657 ἐνδεθῶ-

242 1701 334 1741 σιν
373 1689 452 1751 εἰς
490 1689 660 1757 σῶμα.

389 1776 581 1830 ΧΧΧΙ.
670 1774 996 1832 Ἐνδοῦνται
1036 1778 1115 1848 δέ,
1155 1775 1338 1851 ῶσπερ
1377 1777 1541 1848 εἰκός,
1580 1781 1659 1843 εἰς
1695 1780 1925 1833 τοιαῦτα

241 1861 357 1935 ἤθη
399 1860 547 1918 ὁποῖ’
590 1860 707 1918 ἅττ’
750 1861 821 1919 ἄν
865 1865 959 1920 καὶ
1004 1871 1417 1937 μεμελετηκυῖαι
1462 1865 1704 1937 τύχωσιν
1751 1867 1812 1921 ἐν
1848 1869 1923 1940 τῷ

238 1952 382 2026 ·βίῳ.’
460 1950 545 2006 ετοὶ
584 1955 717 2008 ποῖα
757 1951 826 2024 δὴ
866 1956 1039 2009 ταῦτα
1077 1954 1274 2025 λέγεις,
1315 1947 1358 2009 ῶ
1398 1953 1737 2027 Σῶκρατες;’
1782 1948 1925 2009 εοἷον

242 2037 375 2104 τοὺς
412 2039 513 2110 μὲν
551 2045 983 2113 γαστριμαργίας
1020 2062 1079 2096 τε
1115 2041 1208 2096 καὶ
1246 2039 1435 2114 ὕβρεις
1471 2041 1566 2096 καὶ
1596 2046 1928 2113 φιλοποσίας

244 2128 672 2199 μεμελετηκότας
703 2130 795 2184 καὶ
826 2128 895 2200 μὴ
934 2130 1402 2200 διευλαβημένους
1433 2132 1511 2194 εἰς
1539 2127 1607 2184 τὰ
1638 2132 1751 2186 τῶν
1776 2128 1927 2186 ὄνων

243 2216 377 2287 γένη
424 2217 516 2271 καὶ
561 2220 674 2273 τῶν
720 2217 991 2273 τοιούτων
1036 2222 1257 2290 θηρίων
1308 2216 1453 2284 εἰκὸς
1499 2217 1814 2274 ἐνδύεσθαι.
1891 2214 1926 2289 ἢ

172 2322 227 2363 82
247 2302 349 2359 οὐκ
383 2303 391 2377 Ι
427 2306 575 2371 offa?
616 2303 784 2360 (πάνυ
823 2304 924 2375 μὲν
964 2298 1068 2360 οὖν
1108 2304 1254 2370 εἰκὸς
1292 2306 1502 2375 λέγεις’
1579 2304 1726 2371 ‘vobs
1765 2306 1832 2361 δέ
1864 2327 1928 2376 γε

245 2389 463 2457 ἀδικίας
499 2413 557 2447 τε
595 2392 686 2446 καὶ
731 2395 1067 2464 τυραννίδας
1112 2392 1204 2447 καὶ
1250 2391 1501 2463 ἁρπαγὰς
1544 2392 1928 2464 προτετιμηκό·

244 2500 341 2545 τας
394 2483 472 2545 εἰς
522 2477 589 2534 τὰ
641 2482 754 2535 τῶν
809 2478 993 2534 λύκων
1042 2501 1100 2535 τε
1143 2479 1236 2534 καὶ
1282 2479 1520 2550 ἱεράκων
1564 2481 1656 2535 καὶ
1703 2484 1928 2536 ι’κτίνων

245 2569 401 2639 γένη·
454 2564 488 2638 ἢ
536 2578 635 2623 ποῖ
681 2564 754 2622 ἀν
807 2566 1012 2623 ἄλλοσέ
1061 2589 1242 2638 φαμεν
1295 2566 1393 2633 τὰς
1437 2568 1694 2634 τοιαύτας
1739 2569 1928 2636 ἰέναι;’

248 2654 500 2727 ‘dueum'
541 2659 645 2727 ἔφη
687 2653 716 2710 ὃ
759 2655 966 2726 Κέβης,
1007 2656 1104 2720 ἐἰς
1141 2654 1208 2710 τὰ
1246 2658 1510 2712 τοιαῦτα.’
1588 2653 1855 2726 (οὐκοῦνξ
1893 2649 1930 2727 ἦ

248 2742 301 2800 δ’
353 2742 439 2813 ὅς,
488 2745 649 2814 “δῆλα
696 2742 764 2813 δὴ
811 2742 905 2797 καὶ
949 2736 1146 2813 τᾶλλα,
1198 2737 1236 2816 ᾗ
1283 2740 1354 2799 ἄν
1401 2745 1600 2800 ἕκαστα
1646 2751 1748 2815 ἴοι,
1794 2742 1932 2799 κατὰ

245 2830 344 2896 τὰς
383 2829 570 2887 αὐτῶν
611 2828 938 2902 ὁμοιότητας
976 2833 1073 2901 τῆς
1111 2831 1378 2902 μελέτης;’
1420 2833 1613 2903 “δῆλον
1653 2831 1763 2903 δή,’
1803 2835 1931 2903 ἔφη·
