2020 3198
252 180 359 233 130
916 177 1255 220 ΠΛΑΤΩΝΟΣ
1905 182 1932 222 ο

251 296 398 354 εἶναι
438 299 819 370 Πρωταγόραν
864 295 1046 366 ἀληθῆ
1094 295 1289 364 λέγειν.
1369 294 1535 351 οὐδὲν
1573 300 1678 370 γὰρ
1719 300 1788 353 ἄν
1823 315 1933 352 που

246 395 313 458 τῇ
368 387 604 459 ἀληθείᾳ
658 386 688 440 ὁ
734 384 918 456 ἕτερος
961 393 1062 439 τοῦ
1118 383 1310 455 ἑτέρου
1365 389 1779 460 φρονιμώτερος
1828 393 1931 458 εἴη,

176 482 217 527 D
250 481 402 547 εἴπερ
444 475 478 529 ἃ
516 474 586 528 ἂν
626 473 832 547 ἑκάστῳ
873 474 1009 544 δοκῇ
1050 471 1256 547 ἑκάστῳ
1293 472 1299 545 Ι
1335 474 1517 545 ἀληθῆ
1557 479 1719 531 ἔσται.

393 562 561 617 ΕΡΜ.
601 562 758 616 ’Ἐστι
795 569 980 615 ταῦτα.

393 652 459 706 V.
529 651 644 705 ΣΩ.
719 646 879 705 Ἀλλὰ
932 651 1042 720 μὴν
1097 647 1228 704 οὐδὲ
1280 647 1398 705 κατ’
1455 653 1800 725 Εὐθύδημόν
1851 674 1933 724 γε,

248 738 419 811 οἶμαι,
459 738 550 794 σοὶ
591 741 748 793 δοκεῖ
781 747 916 793 πᾶσι
953 740 1131 792 πάντα
1164 739 1366 808 ὁμοίως
1398 737 1540 796 εἶναι
1572 743 1682 812 ἅμα
1711 742 1804 797 καὶ
1835 743 1932 798 ἀεί.

247 827 380 884 οὐδὲ
424 830 529 899 γὰρ
570 827 639 882 ἂν
679 828 854 891 οὕτως
892 823 1005 881 εἷεν
1045 828 1103 881 οἶ
1137 825 1237 897 μὲν
1275 833 1527 900 χρηστοί,
1576 832 1635 885 οἰ
1668 829 1730 885 δὲ
1766 851 1935 902 πονη-

247 920 362 989 ροί,
410 919 462 972 εἰ
505 917 707 986 ὁμοίως
746 917 914 969 ἅπασι
951 914 1044 969 καὶ
1083 914 1168 969 ἀεὶ
1207 916 1371 987 ἀρετή
1409 937 1467 972 τε
1504 918 1596 973 καὶ
1633 922 1795 974 κακία
1834 926 1932 991 εἴη.

395 1005 561 1059 ΕΡΜ.
620 1002 826 1073 Ἀληθῆ
867 1003 1055 1073 λέγεις.

396 1091 512 1146 ΣΩ.
580 1092 802 1146 Οὐκοῦν
855 1093 909 1146 εἰ
958 1094 1091 1161 μήτε
1137 1099 1271 1145 πᾶσι
1315 1094 1493 1148 πάντα
1539 1094 1689 1150 ἐστὶν
1734 1097 1935 1166 ὁμοίως

248 1182 358 1251 ἅμα
397 1179 490 1235 καὶ
529 1180 630 1249 ἀεί,
672 1183 805 1250 μήτε
846 1179 1052 1253 ἑκάστῳ
1094 1181 1209 1251 ἰδίᾳ
1247 1179 1495 1251 ἑααστον,
1538 1184 1710 1252 δῆλον
1749 1187 1818 1255 δὴ
1851 1187 1935 1240 ὅτι

181 1275 218 1319 Ε
252 1269 391 1322 αὐτὰ
421 1269 605 1322 αὑτῶν
636 1263 834 1322 οὐσίαν
858 1269 1052 1338 ἔχοντά
1082 1287 1206 1322 τινα
1237 1269 1464 1338 βέβαιόν
1495 1271 1608 1326 ε’στι
1638 1275 1706 1327 τὰ
1733 1272 1738 1346 Ι
1764 1276 1935 1346 πράγ-

249 1377 408 1426 ματα,
441 1357 509 1411 οὐ
544 1357 681 1428 πρὸς
710 1356 852 1426 ἡμᾶς
884 1354 1017 1410 οὐδὲ
1054 1353 1155 1426 ὑφ’
1183 1357 1356 1427 ἡμῶν,
1397 1358 1660 1430 ἑλκόμενα
1698 1362 1813 1416 ἄνω
1843 1362 1936 1416 καὶ

247 1446 392 1499 κάτω
439 1452 514 1518 τῷ
561 1444 803 1518 ἡμετέρῳ
852 1447 1225 1515 φαντάσματι,
1275 1447 1413 1501 ἀλλὰ
1451 1444 1580 1502 καθ’
1624 1450 1762 1504 αὑτὰ
1799 1453 1935 1522 πρὸς

247 1534 350 1602 τὴν
391 1533 574 1587 αὑτῶν
615 1534 815 1586 οὐσίαν
854 1535 1051 1603 ἔχοντα
1090 1528 1228 1605 ᾗπερ
1267 1535 1527 1606 πέφυκεν.

397 1621 561 1675 ΕΡΜ.
610 1626 787 1675 Δοκεῖ
821 1641 932 1691 μοι,
974 1619 1016 1676 ὦ
1056 1623 1372 1694 Σώκρατες,
1414 1625 1572 1680 οὕτω.

399 1708 515 1763 ΣΩ.
574 1712 826 1780 Πότερον
874 1705 977 1763 οὗν
1026 1710 1165 1764 αὐτὰ
1203 1708 1304 1781 μὲν
1344 1711 1413 1766 ἂν
1451 1718 1535 1783 εἴη
1577 1713 1719 1768 οὕτω
1759 1732 1933 1784 πεφυ-

247 1800 398 1866 κότα,
439 1797 501 1850 αἱ
540 1794 602 1850 δὲ
632 1797 853 1868 πράξεις
892 1798 1076 1852 αὐτῶν
1109 1799 1177 1853 οὐ
1208 1801 1344 1853 κατὰ
1374 1801 1473 1854 τὸν
1504 1801 1673 1855 αὐτὸν
1701 1805 1930 1873 τρόπους

248 1885 282 1955 ’ἢ
309 1886 376 1939 οὐ
405 1883 497 1938 καὶ
528 1880 689 1938 αὗται
720 1884 781 1938 ἔν
811 1904 863 1938 τι
894 1881 1043 1949 εἶδος
1073 1897 1185 1940 τῶν
1217 1888 1394 1941 ὄντων
1427 1889 1584 1958 εἰσίν,
1611 1891 1672 1943 αἱ
1689 1891 1930 1962 πράξεις;

395 1973 560 2026 ΕΡΜ.
626 1974 791 2027 Πάνυ
827 1993 890 2042 γε
928 1971 1019 2027 καὶ
1058 1969 1234 2028 αὗται.

132 2071 216 2112 387
399 2060 516 2114 ΣΩ.
595 2062 750 2114 Κατὰ
792 2059 798 2133 Ι
839 2062 941 2130 τὴν
980 2061 1165 2115 αὑτῶν
1211 2063 1318 2133 ἄρα
1356 2065 1530 2133 φύσιν
1567 2065 1659 2120 καὶ
1697 2067 1759 2121 αἰ
1798 2068 1935 2136 πρά-

250 2150 357 2214 ξεις
403 2151 758 2220 πράττονται,
806 2150 874 2203 οὐ
920 2151 1056 2203 κατὰ
1101 2151 1203 2218 τὴν
1247 2151 1516 2223 ἡμετέραν
1555 2154 1735 2220 δόξαν.
1813 2150 1935 2210 οἷον

251 2237 347 2291 ε’άν
385 2257 437 2290 τι
477 2237 907 2309 ἐπιχειρήσωμεν
944 2238 1101 2307 ἡμεῖς
1137 2248 1250 2292 τῶν
1289 2241 1467 2294 ὄντων
1504 2240 1738 2312 τέμνειν,
1779 2246 1933 2297 πότε-

250 2343 352 2394 ρον
404 2324 538 2394 ἡμῖν
591 2325 824 2395 τμητέον
879 2325 1110 2379 ἕκαστον
1163 2327 1238 2389 ὡς
1284 2326 1354 2380 ἂν
1398 2327 1553 2396 ἡμεῖς
1601 2331 1933 2398 βουλώμεθα

248 2410 340 2465 καὶ
387 2405 429 2484 ᾧ
483 2411 553 2465 ἂν
598 2416 991 2482 βουληθῶμεν,
1038 2412 1072 2481 ἢ
1120 2413 1218 2466 ἐὰν
1265 2412 1366 2482 μὲν
1422 2416 1559 2467 κατὰ
1612 2417 1714 2484 τὴν
1760 2418 1932 2486 φύσιν

250 2502 622 2568 βουληθῶμεν
654 2500 884 2554 ἕκαστον
914 2500 1132 2569 τέμνειν
1162 2508 1263 2554 τοῦ
1293 2501 1511 2570 τέμνειν
1541 2522 1598 2556 τε
1627 2502 1719 2557 καὶ
1749 2503 1933 2574 τέμνε-

252 2593 387 2642 σθαι
431 2586 523 2641 καὶ
573 2581 615 2661 ᾧ
654 2588 888 2658 πέφυκε,
936 2588 1206 2659 τεμοῦμέν
1251 2608 1309 2642 τε
1355 2589 1447 2643 καὶ
1491 2590 1660 2645 πλέον
1703 2612 1756 2646 τι
1800 2591 1933 2662 ἡμῖν

251 2677 401 2729 ἔσται
438 2675 530 2729 καὶ
569 2677 754 2746 ὀρθῶς
791 2676 1068 2747 πράξομεν
1106 2685 1289 2746 τοῦτο,
1330 2677 1426 2731 ἐὰν
1467 2675 1528 2732 δὲ
1564 2680 1711 2752 παρὰ
1741 2681 1931 2750 φύσιν,

253 2762 742 2835 ἐξαμαρτησόμεθά
779 2784 836 2818 τε
874 2764 967 2818 καὶ
1006 2762 1173 2818 οὐδὲν
1211 2766 1510 2837 πράξομεν;

179 2864 217 2909 Β
396 2852 559 2907 ΕΡΜ.
597 2851 603 2920 Ι
639 2852 863 2923 ’Ἐμοιγε
903 2854 1059 2907 δοκεῖ
1093 2853 1250 2907 οὕτω.
