2020 3198
820 135 1062 181 ΦΑΙΔΩΝ.
1673 131 1742 183 12
1748 131 1777 183 7

95 253 370 326 προτέραν
408 256 509 309 τοῦ
545 255 764 323 θνητοῦ
803 250 1177 322 ἀπολομένην·
1218 250 1356 306 ἀλλὰ
1392 255 1530 322 φαίη
1564 248 1780 321 ἀνάγκη

41 389 51 392 -
97 344 176 395 ἔτι
213 358 322 396 που
361 339 504 397 εἶναι
550 339 723 412 αὐτὴν
768 338 870 411 τὴν
917 337 1219 412 ἁρμονίαν,
1265 340 1356 394 καὶ
1404 338 1676 412 πρότερον
1713 335 1780 394 τὰ

98 427 233 494 ξύλα
270 428 363 483 καὶ
399 427 496 494 τὰς
533 429 739 501 χορδὰς
769 426 1276 498 κατασαπήσεσθαι,
1316 432 1449 500 πρίν
1479 447 1531 482 τι
1564 429 1782 497 ἐκείνην

96 523 326 571 παθεῖν·
370 547 430 557 -—
482 517 575 571 καὶ
620 515 726 588 γὰρ
775 508 904 586 οὖν,
954 508 998 572 c3
1045 514 1364 588 Σώκρατες,
1412 511 1566 585 οἶμαι
1612 518 1783 584 ἔγωγε

96 604 188 659 καὶ
243 602 416 660 αὐτόν
463 620 525 660 σε
569 606 733 660 τοῦτο
782 605 1225 674 ἐντεθυμῆσθαι,
1281 600 1366 659 ὅτι
1418 601 1680 658 τοιοῦτόν
1730 622 1783 656 τι

98 691 335 763 μάλιστα
363 690 834 763 ὑπολαμβάνομεν
865 690 969 762 τὴν
1001 690 1187 763 ψυχὴν
1220 687 1382 761 εἶναι,
1423 688 1606 762 ὥσπερ
1640 692 1783 745 ἐντε-

97 781 338 850 ταμένου
389 783 491 836 τοῦ
548 779 802 851 σώματος
862 777 1020 850 ἡμῶν
1081 779 1174 834 καὶ
1236 779 1613 850 συνεχομένου
1673 774 1782 833 ὑπὸ

97 871 314 939 θερμοῦ
351 867 445 923 καὶ
474 871 694 940 ψυχροῦ
725 867 818 922 καὶ
852 870 1022 939 ξηροῦ
1054 867 1147 922 καὶ
1177 864 1356 938 ὑγροῦ
1387 866 1479 921 καὶ
1509 863 1784 921 τοιούτων

97 959 288 1026 τινῶν,
317 958 519 1029 κρᾶσιν
555 954 699 1011 εἶναι
738 955 830 1011 καὶ
872 953 1148 1027 ἁρμονίαν
1181 953 1368 1011 αὐτῶν
1390 953 1605 1010 τούτων
1639 954 1647 1024 Ι
1681 950 1834 1023 τὴνΟ

98 1042 284 1115 ψυχὴν
314 1041 492 1115 ἡμῶν,
533 1043 759 1101 ἐπειδὰν
791 1047 965 1099 ταῦτα
994 1046 1176 1108 καλῶς
1206 1042 1299 1097 καὶ
1340 1046 1570 1113 μετρίως
1599 1043 1784 1112 κραθῇ

99 1130 237 1204 πρὸς
275 1130 501 1202 ἄλληλα.
542 1136 593 1188 εἰ
630 1126 736 1188 οὖν
783 1131 1041 1203 τυγχάνει
1079 1128 1114 1201 ἡ
1163 1127 1309 1202 ψυχὴ
1357 1123 1499 1184 οὖσα
1545 1126 1786 1200 ἁρμονία

99 1242 198 1289 τις,
239 1222 412 1291 δῆλον
452 1218 554 1290 ὅτι,
596 1241 730 1275 οταν
769 1222 1025 1291 χαλασθῇ
1065 1217 1127 1274 τὸ
1162 1221 1320 1288 σῶμα
1350 1215 1508 1288 ἡμῶν
1542 1215 1788 1288 ἀμέτρως

99 1330 134 1378 η
178 1309 411 1380 ἐπιταθῇ
451 1305 558 1363 ὑπὸ
599 1306 788 1362 νόσων
826 1307 918 1361 καὶ
951 1305 1135 1362 ἀλλων
1165 1308 1370 1376 κακῶν,
1409 1302 1511 1375 τὴν
1544 1325 1678 1393 μεν-
1686 1314 1787 1370 ψυ-

102 1394 205 1467 χὴν
245 1393 460 1466 ἀνάγκη
501 1393 672 1460 εὐθὺς
701 1392 935 1506 ὑπάρχει
973 1392 1337 1462 ἀπολωλέναι,
1375 1397 1568 1463 καίπερ
1609 1384 1786 1446 οὖσαν

101 1483 420 1555 θειοτάτην,
464 1481 646 1556 ω’σπερ
684 1484 777 1538 καὶ
809 1485 870 1538 αἱ
904 1482 1067 1538 άλλαι
1097 1480 1362 1554 ἁρμονίαι
1394 1482 1455 1535 αἵ
1487 1477 1534 1535 τ’
1581 1481 1641 1535 ἐν
1671 1489 1788 1542 τοῖς

103 1572 382 1644 φθόγγοις
418 1572 509 1627 καὶ
543 1574 604 1626 αἱ
641 1574 700 1627 ἐν
730 1582 847 1636 τοῖς
877 1574 990 1627 τῶν
1024 1573 1382 1642 δημιουργῶν
1422 1573 1603 1641 ἔργοις
1633 1570 1787 1637 πᾶσι,

102 1659 169 1715 τὰ
217 1660 278 1716 δὲ
331 1664 567 1727 λείψανα
614 1662 716 1715 τοῦ
766 1659 1014 1730 σώματος
1061 1658 1296 1714 ἑκάστου
1348 1655 1526 1712 πολὺν
1578 1654 1787 1728 χρόνον

102 1749 457 1821 παραμένειν,
498 1749 599 1813 ἕως
636 1744 708 1802 ἂν
746 1744 781 1818 ἢ
819 1751 1142 1820 κατακαυθῇ
1174 1744 1209 1817 ἢ
1245 1747 1252 1817 Ι
1286 1741 1838 1816 κατασαπῇ-ὅραῡ

106 1831 210 1892 οὖν
248 1835 388 1910 πρὸς
425 1839 628 1892 τοῦτον
665 1834 766 1891 τὸν
804 1835 976 1906 λόγον
1006 1839 1064 1890 τί
1090 1834 1360 1906 φήσομεν,
1401 1832 1499 1889 ἐάν
1528 1853 1611 1897 τις
1642 1829 1791 1897 ἀξιοῖ

103 1928 305 1995 κρᾶσιν
352 1918 527 1980 οὖσαν
572 1922 674 1994 τὴν
721 1922 904 1994 ψυχὴν
950 1926 1062 1978 τῶν
1110 1924 1170 1978 ἐν
1221 1924 1296 1996 τῷ
1346 1919 1557 1991 σώματι
1604 1920 1664 1974 ἐν
1709 1921 1785 1994 τῷ

105 2012 427 2086 καλουμένῳ
467 2010 698 2085 θανάτῳ
737 2010 962 2082 πρωτην
1002 2008 1388 2064 ἀπόλλυσθαι.’

252 2101 526 2155 XXXVII.
603 2100 925 2169 Διαβλέψας
978 2090 1084 2153 οὖν
1137 2095 1166 2153 ὁ
1223 2095 1549 2169 Σωκράτης,
1604 2092 1786 2167 ω’σπερ

104 2186 168 2243 τά
209 2186 384 2243 πολλὰ
419 2186 626 2257 εἰωθει,
663 2187 755 2242 καὶ
795 2184 1106 2257 μειδιάσας·
1153 2185 1358 2240 ’δίκαια
1396 2184 1622 2254 μέντοι,’
1662 2187 1786 2253 ἔφη,

107 2275 269 2346 ελέγει
302 2272 332 2330 ὁ
366 2280 621 2346 Σιμμιᾝας
698 2277 749 2330 εἰ
787 2275 891 2329 οὐν
921 2295 1002 2339 τις
1032 2271 1191 2342 ὑμων
1224 2270 1601 2344 εὐπορώτερος
1632 2273 1787 2342 ἐμοῦ,

103 2368 163 2419 τί
196 2364 298 2420 οὐκ
336 2361 693 2435 ἀπεκρίνατο;
741 2362 833 2416 καὶ
877 2359 985 2432 γὰρ
1026 2360 1094 2416 οὐ
1134 2360 1362 2432 φαύλως
1408 2364 1586 2416 ἔοικεν
1626 2357 1787 2414 ἀπτο-

106 2452 252 2525 μένω
290 2455 392 2507 τοῦ
431 2451 618 2521 λόγου.
696 2453 851 2505 δοκεῖ
886 2450 1072 2520 μέντοι
1118 2470 1211 2520 μοι
1258 2451 1457 2519 χρῆναι
1504 2446 1610 2519 πρὸ
1648 2452 1655 2514 Ι
1688 2449 1838 2517 τῆςΕ

106 2537 449 2611 ἀποκρίσεως
489 2543 567 2594 ἔτι
605 2536 876 2609 πρότερον
916 2538 1164 2608 Κέβητος
1195 2534 1448 2606 ἀκοῦσαι,
1487 2540 1545 2590 τί
1578 2528 1650 2590 αὖ
1691 2532 1787 2589 ὅδε

106 2629 325 2697 ἐγκαλεῖ
358 2629 432 2701 τῷ
472 2623 647 2700 λόγῳ,
688 2627 781 2679 ἵνα
820 2624 1027 2697 χρόνου
1069 2625 1438 2695 ἐγγενομένου
1476 2621 1787 2693 βουλευσώ-

105 2718 365 2786 μεθα,·τί
400 2715 652 2783 ἐροῦμεν,
691 2716 873 2767 ἔπειτα
919 2711 981 2767 δὲ
1018 2709 1367 2777 ἀκούσαντας
1404 2707 1439 2781 ἢ
1479 2720 1786 2781 συγχωρεῖν

106 2799 319 2871 αὐτοῖς,
367 2800 465 2856 ἐάν
502 2821 555 2855 τι
594 2802 801 2856 δοκῶσι
838 2798 1168 2872 προσᾴδειν,
1210 2798 1307 2854 ε’ὁιν
1356 2798 1418 2854 δὲ
1462 2797 1563 2869 μή,
1611 2796 1785 2861 οὕτως
