2020 3198
75 177 132 216 49
244 146 248 150 ⁶
747 170 1086 213 ΚΡΑΤΤΛοΣ.
1649 164 1757 217 223

79 290 181 360 (5⁰53
235 289 372 344 ἀλλὰ
419 296 670 357 τοιαῦτα,
719 284 888 358 οἶμαι,
938 294 1195 342 ποιοῦσιν
1243 286 1302 341 οἱ
1346 293 1440 356 τῆς
1486 282 1586 355 μὲν
1633 285 1760 353 ἀλη-

9 379 54 400 ’·
75 378 234 440 θείας
267 380 275 442 Ι
310 375 477 432 οὐδὲν
525 378 933 447 φροντίζοντες,
980 376 1042 428 τὸ
1092 372 1151 428 δὲ
1200 377 1371 443 στόμα
1416 374 1759 440 πλάττοντες,
1792 381 1834 427 D

77 462 204 517 ὥστ’
266 464 696 534 ἐπεμβάλλοντες
760 464 936 517 πολλὰ
998 461 1084 515 ἐπὶ
1147 463 1213 515 τὰ
1274 470 1461 532 πρῶτα
1522 461 1761 530 ὀνόματα

75 556 430 616 τελευτῶντες
467 560 725 606 ποιοῦσιν
765 549 891 621 μηδ’
922 549 990 603 ἂν
1030 549 1126 603 ἕνα
1167 549 1481 619 ἀνθρώπων
1513 556 1762 602 συνεῖναι

77 638 160 692 ὅτι
205 637 336 693 ποτὲ
382 642 640 710 βούλεται
686 641 746 693 τὸ
796 640 992 707 ὄνομα·
1040 638 1223 707 ὥσπερ
1268 636 1359 690 καὶ
1404 638 1506 705 τὴν
1555 638 1762 705 σφίγγα

77 725 198 781 ἀντὶ
237 730 436 796 φιγγὸς
475 731 684 797 σφίγγα
721 730 1003 794 καλοῦσιν,
1043 724 1132 779 καὶ
1173 726 1310 778 ἄλλα
1349 725 1539 778 πολλά.

226 815 390 869 ΕΡΜ.
462 819 643 869 Ταῦτα
683 812 784 884 μὲν
822 817 971 868 ἔστιν
1012 814 1202 881 οὕτως,
1243 809 1285 866 ὦ
1325 813 1628 881 Σώκρατες.

227 902 341 956 ΣΩ.
389 905 463 957 Εἰ
493 901 543 968 δ’
575 898 645 956 αὖ
676 922 759 966 τις
793 901 939 956 ἐάσει
971 901 1059 955 καὶ
1094 899 1372 954 ἐντιθέναι
1402 899 1493 953 καὶ
1529 899 1763 970 ἐξαιρεῖν

78 989 191 1042 ἅττ’
214 990 282 1043 ἂν
306 991 576 1059 βούληταί
594 1010 673 1052 τις
698 990 775 1051 εἰς
798 990 862 1041 τὰ
888 988 1145 1056 ὀνόματα,
1170 988 1343 1055 πολλὴ
1363 987 1591 1057 εὐπορία
1613 989 1765 1040 ἔσται

78 1076 169 1130 καὶ
208 1086 318 1131 πᾶν
358 1078 426 1132 ἂν
462 1080 630 1132 παντί
666 1098 746 1140 τις
785 1078 960 1145 ὄνομα
999 1076 1273 1146 πράγματι
1311 1077 1760 1147 προσαρμόσειεν.

229 1163 235 1235 Ι
277 1166 439 1218 ΕΡΜ.
492 1165 697 1234 Ἀληθῆ
738 1163 924 1232 λέγεις.
1790 1170 1828 1214 Ε

228 1252 343 1307 ΣΩ.
385 1252 591 1322 Ἀληθῆ
633 1252 833 1322 μέντοι.
913 1251 1049 1304 ἀλλὰ
1087 1253 1148 1304 τὸ
1189 1250 1429 1321 με’τριον,
1470 1247 1639 1320 οἶμαι,
1680 1252 1767 1304 δεῖ

81 1342 377 1411 φυλάττειν
416 1339 506 1394 καὶ
546 1342 607 1393 τὸ
647 1342 791 1402 εἰκὸς
831 1337 891 1392 σὲ
930 1341 1026 1392 τὸν
1066 1340 1246 1408 σοφὸν
1278 1337 1583 1407 ἐπιστάτην.

225 1429 389 1483 ΕΡΜ.
454 1430 772 1497 Βουλοίμην
811 1428 894 1480 ἄν.

225 1517 422 1570 ΧΧΙΧ.
473 1515 588 1569 ΣΩ.
638 1515 746 1568 Καὶ
789 1515 893 1583 ἐγώ
935 1529 1022 1568 σοι
1064 1514 1464 1585 συμβούλομαι,
1505 1511 1547 1567 ὦ
1572 1512 1762 1584 Ἑρμό-

85 1624 250 1673 γενες.
330 1604 467 1657 ἀλλὰ
513 1604 584 1672 μὴ
627 1605 776 1670 λίαν,
819 1599 861 1655 ὦ
904 1603 1177 1670 δαιμόνιε,
1214 1605 1220 1667 Ι
1256 1600 1648 1670 ἀκριβολογοῦ,
1688 1605 1762 1672 μή
1794 1613 1882 1654 415

82 1712 145 1761 με
186 1692 536 1761 ἀπογυιώσῃς
575 1688 779 1759 μένεος.
843 1692 1067 1759 ἔρχομαι
1106 1690 1210 1758 γὰρ
1252 1687 1339 1741 ἐπὶ
1377 1689 1478 1757 τὴν
1509 1691 1763 1760 κορυφὴν

82 1777 160 1835 ὧν
184 1786 390 1850 εἴρηκα,
423 1779 645 1831 ἐπειδὰν
677 1779 808 1847 μετὰ
832 1776 1028 1846 τέχνην
1053 1777 1302 1845 μηχανὴν
1328 1775 1760 1846 ἐπισκεψώμεθα.

82 1868 292 1936 μηχανὴ
348 1867 453 1935 γάρ
509 1885 602 1935 μοι
656 1866 810 1918 δοκεῖ
861 1872 960 1918 τοῦ
1008 1865 1161 1917 ἄνειν
1209 1862 1296 1916 ἐπὶ
1342 1867 1484 1917 πολὺ
1535 1873 1762 1934 σημεῖον

83 1952 245 2008 εἶναι·
282 1957 343 2008 τὸ
384 1955 488 2025 γὰρ
528 1955 697 2023 μῆκός
735 1970 850 2016 πως
880 1954 941 2006 τὸ
974 1955 1115 2005 πολὺ
1149 1953 1424 2020 σημαίνει·
1464 1950 1519 2015 ἐξ
1552 1952 1763 2021 ἀμφοῖν

83 2039 185 2096 οὖν
230 2043 450 2096 τούτοιν
498 2042 801 2110 σύγκειται,
850 2044 1056 2110 μήκους
1102 2059 1158 2093 τε
1205 2038 1296 2093 καὶ
1334 2047 1434 2093 τοῦ
1473 2042 1652 2107 ἄνειν,
1699 2042 1762 2093 τὸ

84 2131 256 2199 ὄνομα
301 2129 335 2197 ἡ
376 2132 604 2199 μηχανή.
682 2128 834 2196 ἀλλ’,
883 2129 1015 2198 ὅπερ
1058 2129 1125 2195 δὴ
1168 2134 1273 2179 νῦν
1312 2123 1494 2194 εἶπον,
1535 2125 1621 2180 ἐπὶ
1661 2127 1761 2196 τὴν

83 2218 335 2287 κορυφὴν
387 2218 474 2269 δεῖ
518 2224 628 2269 τῶν
678 2213 981 2285 εἰρημένων
1032 2212 1243 2266 ἐλθεῖν·
1303 2212 1465 2283 ἀρετὴ
1516 2215 1620 2283 γὰρ
1670 2212 1762 2267 καὶ

84 2307 241 2358 κακία
280 2305 363 2356 ὅτι
402 2304 657 2371 βούλεται
697 2304 762 2355 τὰ
802 2303 1041 2371 ὀνόματα
1083 2299 1324 2369 ζητητέα.
1365 2302 1426 2353 τὸ
1466 2298 1566 2369 μὲν
1606 2297 1708 2355 οὖν
1752 2299 1757 2373 Ι
1792 2314 1831 2358 Β

83 2391 270 2462 ἕτερον
303 2392 454 2444 οὔπω
480 2396 723 2459 καθορῶ,
756 2391 818 2443 τὸ
853 2388 902 2442 δ’
934 2388 1121 2458 ἕτερον
1154 2390 1307 2442 δοκεῖ
1334 2407 1427 2456 μοι
1451 2389 1760 2457 κατάδηλον

84 2477 239 2533 εἶναι.
317 2487 605 2548 συμφωνεῖ
632 2480 736 2548 γὰρ
775 2485 889 2541 τοῖς
927 2479 1242 2546 ἔμπροσθεν
1281 2483 1461 2529 πᾶσιν.
1524 2477 1615 2530 ἅτε
1656 2478 1759 2546 γὰρ

86 2568 283 2620 ἰόντων
328 2574 437 2617 τῶν
483 2566 841 2635 πραγμάτων,
889 2571 999 2617 πᾶν
1045 2565 1104 2617 τὸ
1151 2572 1328 2626 κακῶς
1375 2564 1461 2616 ἰὸν
1492 2566 1652 2616 κακία
1691 2563 1759 2616 ἄν

85 2659 192 2722 εἴη·
231 2660 392 2705 τοῦτο
433 2650 493 2704 δὲ
533 2653 664 2705 ὅταν
703 2652 762 2705 ἐν
799 2660 947 2721 ψυχῇ
989 2645 1040 2721 ᾗ,
1080 2653 1140 2704 τὸ
1180 2660 1356 2714 κακῶς
1396 2650 1535 2704 ίέναι
1575 2649 1661 2703 ἐπὶ
1693 2652 1759 2703 τὰ

83 2742 395 2810 πράγματα,
445 2740 674 2807 μάλιστα
711 2740 813 2807 τὴν
853 2747 951 2792 τοῦ
991 2740 1125 2792 ὅλου
1164 2738 1480 2807 ἐπωνυμίαν
1519 2739 1626 2806 ἔχει
1665 2744 1760 2806 τῆς

83 2831 285 2890 κακίας.
362 2828 422 2879 τὸ
472 2823 531 2879 δὲ
569 2834 745 2888 κακῶς
785 2824 923 2879 ἰέναι
970 2827 1051 2879 ὅτι
1091 2825 1209 2878 ποτ’
1255 2827 1427 2892 ἔστιν,
1477 2826 1631 2877 δοκεῖ
1664 2843 1757 2891 μοι
