2020 3198
868 154 1109 197 ΦΑΙΔΩΝ.
1715 153 1821 208 103

123 265 320 324 ’Ἅιδου
358 268 499 325 εἰσὶν
540 269 603 325 αἱ
634 268 806 342 ψυχαὶ
849 269 1295 341 τελευτησάντων
1341 273 1454 327 τῶν
1501 268 1822 345 ἀνθρώπων

139 362 245 412 εἴτε
267 357 358 412 καὶ
391 355 474 412 οὔ.
534 357 766 424 παλαιὸς
795 358 897 429 μὲν
930 351 1035 414 οὖν
1068 363 1182 414 ἔστι
1203 379 1286 425 τις
1309 358 1490 430 λόγος,
1524 352 1594 415 οὗ
1618 358 1823 431 μεμνή-

137 451 300 515 μεθα,
340 442 413 510 ὥς
445 446 589 502 εἰσὶν
629 447 862 502 ἐνθένδε
892 445 1228 518 ἀφικόμεναι
1268 449 1395 517 ἐκεῖ,
1427 447 1521 501 καὶ
1555 447 1723 503 πάλιν
1760 469 1824 518 γε

139 535 306 604 δεῦρο
347 531 717 604 ἀφικνοῦνται
754 534 848 589 καὶ
885 538 1173 605 γίγνονται
1212 536 1271 590 ἐκ
1324 538 1437 590 τῶν
1476 535 1823 591 τεθνεώτων·

136 619 228 674 καὶ
267 623 319 675 εἰ
353 619 518 676 τοῦθ’
563 619 739 688 οὕτως
771 626 896 693 ἔχει,
936 622 1106 678 πάλιν
1137 627 1433 694 γίγνεσθαι
1458 625 1517 679 ἐκ
1547 626 1658 679 τῶν
1690 623 1824 679 ἀπο-

135 707 435 764 θανόντων
482 707 613 775 τοὺς
653 713 873 780 ζῶντας,
921 709 1057 766 ἄλλο
1096 732 1149 766 τι
1188 708 1222 782 ἢ
1264 709 1375 768 εἷεν
1415 708 1487 767 ἀν
1520 713 1581 766 αἱ
1611 718 1618 779 Ι
1652 712 1882 783 ψυχαὶΒ

136 791 295 864 ἡμῶν
320 796 434 851 ἐκεῖ
440 820 454 862 3
481 794 550 852 οὐ
573 795 679 869 γὰρ
705 795 778 853 ἄν
801 816 910 853 που
933 798 1102 854 πάλιν
1127 800 1414 869 ἐγίγνοντο
1433 798 1506 871 μὴ
1526 792 1707 869 οὖσαι,
1732 798 1824 854 καὶ

135 884 298 938 τοῦτο
340 882 537 939 ἰκανὸν
582 885 879 957 τεκμήριον
924 889 1026 941 τοῦ
1070 885 1224 942 ταῦτ’
1276 884 1444 958 εἶναι,
1493 890 1545 943 εἰ
1579 890 1655 961 τῷ
1705 885 1824 942 ὄντι

136 969 386 1042 φανερὸν
423 975 698 1043 γίγνοιτο,
748 971 833 1028 ὄτι
881 972 1204 1044 οὐδαμόθεν
1252 973 1498 1031 άλλοθεν
1536 979 1825 1046 γίγνονται

141 1060 199 1112 οι
235 1061 431 1124 ζῶντες
469 1055 503 1128 ἢ
545 1061 604 1115 ἐκ
641 1064 755 1116 τῶν
793 1060 1142 1117 τεθνεώτων·
1183 1065 1235 1117 εἰ
1272 1061 1334 1117 δε
1373 1061 1446 1133 μὴ
1489 1066 1603 1117 ἔστι
1641 1065 1826 1131 τοῦτο,

137 1143 314 1200 άλλου
360 1168 432 1201 αν
485 1167 587 1201 του
642 1148 760 1202 δέοι
806 1147 1020 1218 λόγου)
1079 1148 1246 1204 πάνυ
1292 1171 1393 1219 μεν
1442 1143 1592 1219 οὗν,’
1640 1153 1745 1220 ἔφη
1794 1145 1823 1204 ὁ

141 1234 341 1304 Κέβης.
404 1233 501 1305 μὴ
536 1239 730 1291 τοίνυν
761 1234 878 1291 κατ’
923 1235 1282 1309 ἀνθρώπων,’
1321 1229 1356 1307 ἦ
1398 1233 1451 1292 δ’
1495 1234 1573 1307 ὅς,
1615 1235 1825 1292 σκόπει

138 1320 317 1392 μόνον
354 1325 547 1392 τοῦτο,
587 1325 639 1377 εἰ
674 1322 865 1393 βούλει
916 1325 1058 1396 ῥᾷον
1096 1331 1328 1396 μαθεῖν,
1368 1322 1508 1378 ἀλλὰ
1555 1324 1647 1379 καὶ
1685 1322 1821 1378 κατὰ

140 1409 294 1482 ζώων
332 1408 557 1464 πάντων
594 1410 687 1465 καὶ
725 1415 944 1482 φυτῶν,
983 1412 1075 1467 καὶ
1115 1411 1429 1482 ξυλλήβδην
1469 1409 1674 1483 ὅσαπερ
1716 1415 1824 1482 ἔχει

138 1498 382 1567 γένεσιν,
435 1498 559 1569 περὶ
597 1497 822 1554 πάντων
870 1502 1133 1570 εἰδῶμεν,
1182 1492 1273 1571 ἀρ’
1327 1497 1531 1555 οὑτωσὶ
1576 1505 1824 1570 γίγνεται

138 1584 335 1655 πάντα,
377 1583 480 1640 οὐκ
514 1592 522 1652 Ι
555 1583 801 1642 ἄλλοθεν
840 1584 875 1658 ἢ
918 1588 975 1643 ἐκ
1013 1590 1125 1642 τῶν
1166 1589 1436 1643 ἐναντίων
1473 1586 1540 1642 τὰ
1582 1589 1879 1658 ἐναντία,Ε

141 1670 296 1738 ὅσοις
347 1675 605 1744 τυγχάνει
660 1670 728 1730 ὂν
781 1673 1041 1730 τοιοῦτόν
1094 1695 1172 1746 τι,
1229 1669 1354 1730 οἷον
1403 1674 1465 1731 τὸ
1521 1673 1694 1730 καλὸν
1747 1679 1823 1751 τῷ

139 1763 348 1835 αἰσχρῷ
391 1762 646 1817 ἐναντίον
684 1779 794 1816 που
831 1761 924 1816 καὶ
957 1765 1175 1818 δίκαιον
1216 1760 1410 1836 ἀδίκῳ,
1448 1761 1541 1816 καὶ
1572 1759 1714 1817 ἄλλα
1753 1760 1821 1833 δὴ

140 1853 310 1920 μυρία
349 1846 523 1914 οὕτως
561 1853 684 1920 ἔχει.
737 1852 901 1904 τοῦτο
951 1843 1056 1905 οὖν
1103 1848 1460 1920 σκεψώμεθα,
1509 1843 1618 1921 ἀρα
1657 1848 1825 1920 ἀναγ-

138 1948 318 2007 καῖον,
345 1934 498 2000 ὅσοις
523 1939 638 1991 ἔστι
667 1942 721 1991 ’τι
754 1938 1028 2007 ἐναντίον,
1054 1935 1383 2007 μηδαμόθεν
1415 1934 1660 1992 ἄλλοθεν
1686 1935 1822 1993 αὐτὸ

139 2028 434 2094 γίγνεσθαι
472 2021 506 2094 ἢ
548 2026 606 2079 ἐκ
644 2027 744 2079 τοῦ
785 2022 933 2100 αὐτῷ
974 2026 1244 2080 ἐναντίου.
1300 2018 1423 2080 οἷον
1463 2022 1598 2079 ὅταν
1638 2025 1824 2095 μεῖζόν

140 2132 196 2166 τι
230 2115 503 2182 γίγνηται,
545 2110 760 2183 ἀνάγκη
801 2132 910 2168 που
943 2113 997 2178 ἐξ
1030 2112 1320 2177 ἐλάττονος
1353 2110 1513 2178 ὄντος
1550 2112 1824 2185 πρότερον

141 2201 326 2254 ἔπειτα
364 2204 550 2269 μεῖζον
588 2201 929 2269 γίγνεσθαι;’
980 2201 1126 2255 (ναί)
1168 2200 1395 2255 εοὐκοῦν
1440 2196 1548 2255 κᾶν
1595 2204 1823 2256 ἔλαττον

139 2290 412 2357 γίγνηται,
438 2288 497 2342 ἐκ
520 2291 769 2357 μείζονος
794 2285 954 2353 ὄντος
978 2286 1250 2360 πρότερον
1285 2290 1292 2359 Ι
1326 2285 1561 2361 ὕστερον
1594 2293 1822 2344 ἔλαττον
1840 2298 1888 2339 71

139 2373 426 2444 γενήσεται
439 2375 474 2441 ;’
508 2376 678 2430 εἔστιν
704 2373 886 2445 οὕτω,’
922 2380 1042 2446 ἔφη.
1099 2375 1209 2430 τκαὶ
1232 2373 1343 2447 μὴν
1376 2377 1430 2442 ἐξ
1462 2378 1823 2448 ἰσχυροτέρου

138 2460 200 2516 τὸ
243 2459 650 2535 ἀσθενέστερον
680 2463 773 2518 καὶ
806 2465 865 2518 ἐκ
895 2464 1241 2535 βραδυτέρου
1270 2462 1332 2519 τὸ
1363 2466 1621 2531 θᾶττον;’
1655 2464 1823 2520 επάνυ

139 2549 235 2617 γε.’
276 2550 351 2603 ετί
385 2550 472 2615 δέ;
522 2548 594 2605 ἄν
633 2571 686 2604 τι
723 2561 911 2622 χεῖρον
950 2555 1229 2621 γίγνηται,
1270 2548 1373 2606 οὐκ
1413 2552 1467 2616 ἐξ
1507 2549 1821 2622 ἀμείνονος,

138 2634 229 2688 καὶ
276 2631 348 2689 ἂν
396 2635 769 2708 δικαιότερον,
826 2639 880 2704 ἐξ
933 2635 1319 2709 ἀδικωτέρου;’
1368 2639 1502 2703 (πῶς
1551 2637 1657 2709 γὰρ
1707 2637 1820 2704 οὖς’

141 2723 362 2786 εἱκανῶς
400 2716 552 2792 οὖν,’
607 2728 740 2794 ἔφη,
796 2726 1011 2796 Ἕχομεν
1062 2728 1254 2796 τοῦτο,
1318 2724 1403 2781 ὄτι
1448 2724 1628 2780 πάντα
1675 2723 1819 2779 οὕτω

137 2813 413 2880 γίγνεται,
461 2810 517 2876 ἐξ
564 2811 833 2865 ἐναντίων
884 2810 949 2867 τὰ
998 2813 1222 2867 ἐναντία
1268 2811 1604 2883 πράγματα;’
1646 2811 1820 2866 “πάνυ
