<?xml version="1.0" encoding="UTF-8"?>
<!DOCTYPE html PUBLIC "-//W3C//DTD XHTML 1.0 Transitional//EN"
    "http://www.w3.org/TR/xhtml1/DTD/xhtml1-transitional.dtd">
<html xmlns="http://www.w3.org/1999/xhtml" xml:lang="en" lang="en">
 <head>
  <title>
</title>
<meta http-equiv="Content-Type" content="text/html;charset=utf-8" />
  <meta name='ocr-system' content='tesseract 3.04.00' />
  <meta name='ocr-capabilities' content='ocr_page ocr_carea ocr_par ocr_line ocrx_word'/>
</head>
<body>
  <div class='ocr_page' id='page_1' title='image "./p1dialogisecumdu01platuoft_0221.png"; bbox 0 0 2020 3198; ppageno 0'>
   <div class='ocr_carea' id='block_1_1' title="bbox 722 613 1172 668">
    <p class='ocr_par' dir='ltr' id='par_1_1' title="bbox 722 613 1172 668">
     <span class='ocr_line' id='line_1_1' title="bbox 722 613 1172 668; baseline 0 -1"><span class='ocrx_word' id='word_1_1' title='bbox 722 613 1172 668; x_wconf 81' lang='grc' dir='ltr'><strong>ΚΡΑΤΤΑΟΣ</strong></span> 
     </span>
    </p>
   </div>
   <div class='ocr_carea' id='block_1_2' title="bbox 349 716 1550 789">
    <p class='ocr_par' dir='ltr' id='par_1_2' title="bbox 349 716 1550 789">
     <span class='ocr_line' id='line_1_2' title="bbox 349 716 1550 789; baseline 0.001 -19"><span class='ocrx_word' id='word_1_2' title='bbox 349 716 404 787; x_wconf 79' lang='grc' dir='ltr'><em>[ἢ</em></span> <span class='ocrx_word' id='word_1_3' title='bbox 443 717 567 789; x_wconf 84' lang='grc' dir='ltr'><em>περὶ</em></span> <span class='ocrx_word' id='word_1_4' title='bbox 606 718 890 788; x_wconf 79' lang='grc' dir='ltr'><em>ὀνομάτων</em></span> <span class='ocrx_word' id='word_1_5' title='bbox 930 718 1255 789; x_wconf 82' lang='grc' dir='ltr'><em>ὀρθότητος,</em></span> <span class='ocrx_word' id='word_1_6' title='bbox 1294 719 1550 787; x_wconf 86' lang='grc' dir='ltr'><em>λογικός].</em></span> 
     </span>
    </p>
   </div>
   <div class='ocr_carea' id='block_1_3' title="bbox 856 838 1032 842">
    <p class='ocr_par' dir='ltr' id='par_1_3' title="bbox 856 838 1032 842">
     <span class='ocr_line' id='line_1_3' title="bbox 856 838 1032 842; baseline 0 0"><span class='ocrx_word' id='word_1_7' title='bbox 856 838 1032 842; x_wconf 95' lang='lat' dir='ltr'><em> </em></span> 
     </span>
    </p>
   </div>
   <div class='ocr_carea' id='block_1_4' title="bbox 370 894 1931 1021">
    <p class='ocr_par' dir='ltr' id='par_1_4' title="bbox 370 894 1931 1021">
     <span class='ocr_line' id='line_1_4' title="bbox 488 894 1917 955; baseline 0.002 -20"><span class='ocrx_word' id='word_1_8' title='bbox 488 894 565 935; x_wconf 85' lang='lat' dir='ltr'><em>TA</em></span> <span class='ocrx_word' id='word_1_9' title='bbox 596 894 721 936; x_wconf 76' lang='grc' dir='ltr'><em>ΤοΤ</em></span> <span class='ocrx_word' id='word_1_10' title='bbox 752 894 1070 936; x_wconf 73' lang='grc' dir='ltr'><em>ΔΙΑΛοΓοΤ</em></span> <span class='ocrx_word' id='word_1_11' title='bbox 1100 894 1396 936; x_wconf 73' lang='grc' dir='ltr'><em>ΠΡοΣΩΠΑ</em></span> <span class='ocrx_word' id='word_1_12' title='bbox 1819 920 1917 955; x_wconf 72' lang='lat' dir='ltr'><em>St,1</em></span> 
     </span>
     <span class='ocr_line' id='line_1_5' title="bbox 370 967 1931 1021; baseline 0.004 -13"><span class='ocrx_word' id='word_1_13' title='bbox 370 967 762 1020; x_wconf 80' lang='grc' dir='ltr'><strong>ΕΡΜΟΓΕΝΗΣ,</strong></span> <span class='ocrx_word' id='word_1_14' title='bbox 794 968 1141 1021; x_wconf 75' lang='grc' dir='ltr'><strong>ΚΡΑΤΤΛΟΣ,</strong></span> <span class='ocrx_word' id='word_1_15' title='bbox 1173 967 1508 1012; x_wconf 70' lang='grc' dir='ltr'><strong>ΣΩΚΡΑΤΗΣ.</strong></span> <span class='ocrx_word' id='word_1_16' title='bbox 1806 989 1842 1020; x_wconf 72' lang='lat' dir='ltr'><em>p.</em></span> <span class='ocrx_word' id='word_1_17' title='bbox 1867 981 1931 1014; x_wconf 81' lang='lat'><em>383</em></span> 
     </span>
    </p>
   </div>
   <div class='ocr_carea' id='block_1_5' title="bbox 842 1087 1062 1094">
    <p class='ocr_par' dir='ltr' id='par_1_5' title="bbox 842 1087 1062 1094">
     <span class='ocr_line' id='line_1_6' title="bbox 842 1087 1062 1094; baseline 0 2104"><span class='ocrx_word' id='word_1_18' title='bbox 842 1087 1062 1094; x_wconf 95' lang='lat' dir='ltr'><em> </em></span> 
     </span>
    </p>
   </div>
   <div class='ocr_carea' id='block_1_6' title="bbox 90 1153 1896 2896">
    <p class='ocr_par' dir='ltr' id='par_1_6' title="bbox 102 1153 1784 1314">
     <span class='ocr_line' id='line_1_7' title="bbox 251 1153 1784 1230; baseline 0 -20"><span class='ocrx_word' id='word_1_19' title='bbox 251 1157 292 1210; x_wconf 92' lang='lat' dir='ltr'><em>I.</em></span> <span class='ocrx_word' id='word_1_20' title='bbox 339 1157 505 1210; x_wconf 84' lang='lat' dir='ltr'><strong>EPM.</strong></span> <span class='ocrx_word' id='word_1_21' title='bbox 554 1158 755 1210; x_wconf 83' lang='grc' dir='ltr'><em>Βούλει</em></span> <span class='ocrx_word' id='word_1_22' title='bbox 794 1153 896 1210; x_wconf 78' lang='grc' dir='ltr'><em>οὖν</em></span> <span class='ocrx_word' id='word_1_23' title='bbox 935 1157 1026 1211; x_wconf 84' lang='grc' dir='ltr'><em>καὶ</em></span> <span class='ocrx_word' id='word_1_24' title='bbox 1064 1159 1348 1230; x_wconf 75' lang='grc' dir='ltr'><strong><em>Σωκράτει</em></strong></span> <span class='ocrx_word' id='word_1_25' title='bbox 1384 1158 1524 1230; x_wconf 77' lang='grc' dir='ltr'><em>τῷδε</em></span> <span class='ocrx_word' id='word_1_26' title='bbox 1565 1156 1784 1211; x_wconf 84' lang='grc' dir='ltr'><em>ἀνακοι-</em></span> 
     </span>
     <span class='ocr_line' id='line_1_8' title="bbox 102 1246 776 1314; baseline -0.003 -14"><span class='ocrx_word' id='word_1_27' title='bbox 102 1246 413 1314; x_wconf 85' lang='grc' dir='ltr'><em>νωσώμεθα</em></span> <span class='ocrx_word' id='word_1_28' title='bbox 449 1246 547 1298; x_wconf 90' lang='grc' dir='ltr'><em>τὸν</em></span> <span class='ocrx_word' id='word_1_29' title='bbox 587 1248 776 1314; x_wconf 81' lang='grc' dir='ltr'><em>λόγον;</em></span> 
     </span>
    </p>

    <p class='ocr_par' dir='ltr' id='par_1_7' title="bbox 251 1332 826 1387">
     <span class='ocr_line' id='line_1_9' title="bbox 251 1332 826 1387; baseline 0.003 -2"><span class='ocrx_word' id='word_1_30' title='bbox 251 1332 359 1386; x_wconf 91' lang='grc' dir='ltr'><em>ΚΡ.</em></span> <span class='ocrx_word' id='word_1_31' title='bbox 421 1337 500 1386; x_wconf 77' lang='grc' dir='ltr'><em>Εἴ</em></span> <span class='ocrx_word' id='word_1_32' title='bbox 532 1346 622 1386; x_wconf 78' lang='grc' dir='ltr'><em>σοι</em></span> <span class='ocrx_word' id='word_1_33' title='bbox 663 1335 826 1387; x_wconf 79' lang='grc' dir='ltr'><em>δοκεῖ.</em></span> 
     </span>
    </p>

    <p class='ocr_par' dir='ltr' id='par_1_8' title="bbox 90 1419 1896 2896">
     <span class='ocr_line' id='line_1_10' title="bbox 250 1419 1785 1493; baseline 0.001 -19"><span class='ocrx_word' id='word_1_34' title='bbox 250 1420 415 1475; x_wconf 87' lang='grc' dir='ltr'><strong>ΕΡΜ.</strong></span> <span class='ocrx_word' id='word_1_35' title='bbox 459 1422 747 1491; x_wconf 77' lang='grc' dir='ltr'><em>Κρατύλος</em></span> <span class='ocrx_word' id='word_1_36' title='bbox 778 1420 950 1491; x_wconf 83' lang='grc' dir='ltr'><em>φησὶν</em></span> <span class='ocrx_word' id='word_1_37' title='bbox 975 1422 1086 1490; x_wconf 80' lang='grc' dir='ltr'><em>ὅδε,</em></span> <span class='ocrx_word' id='word_1_38' title='bbox 1113 1419 1155 1475; x_wconf 82' lang='grc' dir='ltr'><em>ὦ</em></span> <span class='ocrx_word' id='word_1_39' title='bbox 1179 1423 1486 1493; x_wconf 85' lang='grc' dir='ltr'><em>Σώκρατες,</em></span> <span class='ocrx_word' id='word_1_40' title='bbox 1519 1422 1785 1491; x_wconf 85' lang='grc' dir='ltr'><em>ὀνόματος</em></span> 
     </span>
     <span class='ocr_line' id='line_1_11' title="bbox 104 1505 1783 1582; baseline 0.002 -21"><span class='ocrx_word' id='word_1_41' title='bbox 104 1508 381 1579; x_wconf 82' lang='grc' dir='ltr'><em>ὀρθότητα</em></span> <span class='ocrx_word' id='word_1_42' title='bbox 425 1505 568 1563; x_wconf 83' lang='grc' dir='ltr'><em>εἶναι</em></span> <span class='ocrx_word' id='word_1_43' title='bbox 614 1508 819 1582; x_wconf 79' lang='grc' dir='ltr'><em>ἑκάστῳ</em></span> <span class='ocrx_word' id='word_1_44' title='bbox 869 1518 980 1564; x_wconf 92' lang='grc' dir='ltr'><em>τῶν</em></span> <span class='ocrx_word' id='word_1_45' title='bbox 1020 1511 1197 1563; x_wconf 80' lang='grc' dir='ltr'><em>ὄντων</em></span> <span class='ocrx_word' id='word_1_46' title='bbox 1243 1511 1408 1578; x_wconf 81' lang='grc' dir='ltr'><em>φύσει</em></span> <span class='ocrx_word' id='word_1_47' title='bbox 1453 1519 1783 1580; x_wconf 79' lang='grc' dir='ltr'><em>πεφυκυῖαν,</em></span> 
     </span>
     <span class='ocr_line' id='line_1_12' title="bbox 102 1592 1784 1667; baseline 0.001 -17"><span class='ocrx_word' id='word_1_48' title='bbox 102 1595 193 1650; x_wconf 86' lang='grc' dir='ltr'><em>καὶ</em></span> <span class='ocrx_word' id='word_1_49' title='bbox 225 1596 293 1651; x_wconf 88' lang='grc' dir='ltr'><em>οὐ</em></span> <span class='ocrx_word' id='word_1_50' title='bbox 322 1603 486 1650; x_wconf 89' lang='grc' dir='ltr'><em>τοῦτο</em></span> <span class='ocrx_word' id='word_1_51' title='bbox 518 1592 661 1651; x_wconf 83' lang='grc' dir='ltr'><em>εἶναι</em></span> <span class='ocrx_word' id='word_1_52' title='bbox 692 1598 866 1667; x_wconf 79' lang='grc' dir='ltr'><em>ὄνομα</em></span> <span class='ocrx_word' id='word_1_53' title='bbox 898 1596 927 1650; x_wconf 85' lang='grc' dir='ltr'><strong><em>ὃ</em></strong></span> <span class='ocrx_word' id='word_1_54' title='bbox 961 1599 1030 1651; x_wconf 79' lang='grc' dir='ltr'><em>ἄν</em></span> <span class='ocrx_word' id='word_1_55' title='bbox 1059 1617 1204 1660; x_wconf 89' lang='grc' dir='ltr'><em>τινες</em></span> <span class='ocrx_word' id='word_1_56' title='bbox 1237 1597 1566 1667; x_wconf 76' lang='grc' dir='ltr'><em>ξυνθέμενοι</em></span> <span class='ocrx_word' id='word_1_57' title='bbox 1595 1603 1784 1652; x_wconf 77' lang='grc' dir='ltr'><em>καλεῖν</em></span> 
     </span>
     <span class='ocr_line' id='line_1_13' title="bbox 101 1684 1783 1755; baseline 0.001 -17"><span class='ocrx_word' id='word_1_58' title='bbox 101 1689 332 1753; x_wconf 83' lang='grc' dir='ltr'><em>καλῶσι,</em></span> <span class='ocrx_word' id='word_1_59' title='bbox 394 1691 490 1752; x_wconf 80' lang='grc' dir='ltr'><em>τῆς</em></span> <span class='ocrx_word' id='word_1_60' title='bbox 554 1684 737 1738; x_wconf 89' lang='grc' dir='ltr'><em>αὑτῶν</em></span> <span class='ocrx_word' id='word_1_61' title='bbox 799 1691 988 1754; x_wconf 78' lang='grc' dir='ltr'><em>φωνῆς</em></span> <span class='ocrx_word' id='word_1_62' title='bbox 1050 1687 1246 1755; x_wconf 90' lang='grc' dir='ltr'><em>μόριον</em></span> <span class='ocrx_word' id='word_1_63' title='bbox 1300 1684 1783 1754; x_wconf 75' lang='grc' dir='ltr'><em>ἐπιφθεγγόμενοι,</em></span> 
     </span>
     <span class='ocr_line' id='line_1_14' title="bbox 103 1772 1784 1843; baseline 0.001 -18"><span class='ocrx_word' id='word_1_64' title='bbox 103 1772 240 1826; x_wconf 79' lang='grc' dir='ltr'><em>ἀλλὰ</em></span> <span class='ocrx_word' id='word_1_65' title='bbox 298 1772 576 1843; x_wconf 84' lang='grc' dir='ltr'><em>ὀρθότητά</em></span> <span class='ocrx_word' id='word_1_66' title='bbox 639 1791 763 1826; x_wconf 91' lang='grc' dir='ltr'><em>τινα</em></span> <span class='ocrx_word' id='word_1_67' title='bbox 822 1782 933 1827; x_wconf 90' lang='grc' dir='ltr'><em>τῶν</em></span> <span class='ocrx_word' id='word_1_68' title='bbox 995 1773 1281 1842; x_wconf 79' lang='grc' dir='ltr'><em>ὀνομάτων</em></span> <span class='ocrx_word' id='word_1_69' title='bbox 1341 1773 1644 1842; x_wconf 79' lang='grc' dir='ltr'><em>πεφυκέναι</em></span> <span class='ocrx_word' id='word_1_70' title='bbox 1692 1773 1784 1827; x_wconf 81' lang='grc' dir='ltr'><em>καὶ</em></span> 
     </span>
     <span class='ocr_line' id='line_1_15' title="bbox 90 1858 1851 1932; baseline -0.002 -18"><span class='ocrx_word' id='word_1_71' title='bbox 90 1859 318 1929; x_wconf 69' lang='grc' dir='ltr'><em>’Ἐλλησι</em></span> <span class='ocrx_word' id='word_1_72' title='bbox 349 1859 441 1914; x_wconf 88' lang='grc' dir='ltr'><em>καὶ</em></span> <span class='ocrx_word' id='word_1_73' title='bbox 475 1859 482 1931; x_wconf 82' lang='grc' dir='ltr'>Ι</span> <span class='ocrx_word' id='word_1_74' title='bbox 517 1862 817 1932; x_wconf 79' lang='grc' dir='ltr'><em>βαρβάροις</em></span> <span class='ocrx_word' id='word_1_75' title='bbox 847 1862 949 1929; x_wconf 83' lang='grc' dir='ltr'><em>τὴν</em></span> <span class='ocrx_word' id='word_1_76' title='bbox 982 1861 1154 1929; x_wconf 83' lang='grc' dir='ltr'><em>αὐτὴν</em></span> <span class='ocrx_word' id='word_1_77' title='bbox 1186 1861 1402 1914; x_wconf 75' lang='grc' dir='ltr'><em>ἅπασιν.</em></span> <span class='ocrx_word' id='word_1_78' title='bbox 1465 1861 1646 1932; x_wconf 88' lang='grc' dir='ltr'><em>ἐρωτῶ</em></span> <span class='ocrx_word' id='word_1_79' title='bbox 1681 1858 1783 1915; x_wconf 77' lang='grc' dir='ltr'><em>οὖν</em></span> <span class='ocrx_word' id='word_1_80' title='bbox 1814 1867 1851 1910; x_wconf 95' lang='grc' dir='ltr'>Β</span> 
     </span>
     <span class='ocr_line' id='line_1_16' title="bbox 102 1948 1784 2022; baseline 0.001 -21"><span class='ocrx_word' id='word_1_81' title='bbox 102 1949 272 2002; x_wconf 86' lang='grc' dir='ltr'><em>αὐτὸν</em></span> <span class='ocrx_word' id='word_1_82' title='bbox 318 1948 449 2016; x_wconf 83' lang='grc' dir='ltr'><em>ἐγώ,</em></span> <span class='ocrx_word' id='word_1_83' title='bbox 496 1950 548 2001; x_wconf 83' lang='grc' dir='ltr'><em>εἰ</em></span> <span class='ocrx_word' id='word_1_84' title='bbox 591 1949 738 2020; x_wconf 75' lang='grc' dir='ltr'><em>αὐτῷ</em></span> <span class='ocrx_word' id='word_1_85' title='bbox 789 1950 1066 2019; x_wconf 87' lang='grc' dir='ltr'><em>[πότερον]</em></span> <span class='ocrx_word' id='word_1_86' title='bbox 1107 1949 1393 2019; x_wconf 79' lang='grc' dir='ltr'><em>Κρατύλος</em></span> <span class='ocrx_word' id='word_1_87' title='bbox 1437 1956 1503 2018; x_wconf 78' lang='grc' dir='ltr'><em>τῇ</em></span> <span class='ocrx_word' id='word_1_88' title='bbox 1550 1949 1784 2022; x_wconf 79' lang='grc' dir='ltr'><em>ἀληθεία</em></span> 
     </span>
     <span class='ocr_line' id='line_1_17' title="bbox 102 2034 1781 2110; baseline 0.001 -21"><span class='ocrx_word' id='word_1_89' title='bbox 102 2038 275 2105; x_wconf 80' lang='grc' dir='ltr'><em>ὄνομα</em></span> <span class='ocrx_word' id='word_1_90' title='bbox 324 2035 496 2103; x_wconf 84' lang='grc' dir='ltr'><em>[ἐστὶν</em></span> <span class='ocrx_word' id='word_1_91' title='bbox 540 2036 575 2105; x_wconf 77' lang='grc' dir='ltr'>ἢ</span> <span class='ocrx_word' id='word_1_92' title='bbox 624 2037 739 2103; x_wconf 78' lang='grc' dir='ltr'><em>οῢ]·</em></span> <span class='ocrx_word' id='word_1_93' title='bbox 794 2037 822 2091; x_wconf 90' lang='grc' dir='ltr'>ὁ</span> <span class='ocrx_word' id='word_1_94' title='bbox 878 2034 938 2090; x_wconf 74' lang='grc' dir='ltr'><em>δὲ</em></span> <span class='ocrx_word' id='word_1_95' title='bbox 993 2037 1253 2106; x_wconf 77' lang='grc' dir='ltr'><em>ὁμολογεῖ</em></span> <span class='ocrx_word' id='word_1_96' title='bbox 1297 2037 1464 2110; x_wconf 78' lang='grc' dir='ltr'><em>[αὑτῷ</em></span> <span class='ocrx_word' id='word_1_97' title='bbox 1510 2057 1572 2105; x_wconf 91' lang='grc' dir='ltr'><em>γε</em></span> <span class='ocrx_word' id='word_1_98' title='bbox 1619 2045 1781 2092; x_wconf 81' lang='grc' dir='ltr'><em>τοῦτο</em></span> 
     </span>
     <span class='ocr_line' id='line_1_18' title="bbox 102 2119 1781 2196; baseline 0.001 -19"><span class='ocrx_word' id='word_1_99' title='bbox 102 2126 276 2193; x_wconf 79' lang='grc' dir='ltr'><em>ὄνομα</em></span> <span class='ocrx_word' id='word_1_100' title='bbox 324 2119 503 2190; x_wconf 84' lang='grc' dir='ltr'><em>εἷναι].</em></span> <span class='ocrx_word' id='word_1_101' title='bbox 589 2123 665 2176; x_wconf 60' lang='grc' dir='ltr'><em>’τί</em></span> <span class='ocrx_word' id='word_1_102' title='bbox 707 2121 768 2177; x_wconf 77' lang='grc' dir='ltr'><em>δὲ</em></span> <span class='ocrx_word' id='word_1_103' title='bbox 814 2125 1137 2195; x_wconf 77' lang='grc' dir='ltr'><em>Σωκράτει;’</em></span> <span class='ocrx_word' id='word_1_104' title='bbox 1193 2126 1348 2194; x_wconf 81' lang='grc' dir='ltr'><em>ἔφην.</em></span> <span class='ocrx_word' id='word_1_105' title='bbox 1428 2125 1781 2196; x_wconf 51' lang='grc' dir='ltr'><em>(Σωκράτηςξ</em></span> 
     </span>
     <span class='ocr_line' id='line_1_19' title="bbox 100 2207 1782 2283; baseline 0.002 -20"><span class='ocrx_word' id='word_1_106' title='bbox 100 2207 134 2279; x_wconf 79' lang='grc' dir='ltr'><strong><em>ἦ</em></strong></span> <span class='ocrx_word' id='word_1_107' title='bbox 184 2209 233 2263; x_wconf 77' lang='grc' dir='ltr'><em>δ’</em></span> <span class='ocrx_word' id='word_1_108' title='bbox 287 2210 359 2273; x_wconf 86' lang='grc' dir='ltr'><em>ὅς.</em></span> <span class='ocrx_word' id='word_1_109' title='bbox 432 2211 657 2264; x_wconf 69' lang='grc' dir='ltr'><em>“οὐκοῦν</em></span> <span class='ocrx_word' id='word_1_110' title='bbox 702 2210 794 2265; x_wconf 87' lang='grc' dir='ltr'><em>καὶ</em></span> <span class='ocrx_word' id='word_1_111' title='bbox 838 2221 954 2274; x_wconf 79' lang='grc' dir='ltr'><em>τοῖς</em></span> <span class='ocrx_word' id='word_1_112' title='bbox 999 2213 1188 2275; x_wconf 77' lang='grc' dir='ltr'><em>ἄλλοις</em></span> <span class='ocrx_word' id='word_1_113' title='bbox 1234 2212 1552 2283; x_wconf 82' lang='grc' dir='ltr'><em>ἀνθρώποις</em></span> <span class='ocrx_word' id='word_1_114' title='bbox 1596 2221 1782 2282; x_wconf 81' lang='grc' dir='ltr'><em>πᾶσιν,</em></span> 
     </span>
     <span class='ocr_line' id='line_1_20' title="bbox 102 2297 1781 2374; baseline 0.002 -23"><span class='ocrx_word' id='word_1_115' title='bbox 102 2297 233 2368; x_wconf 83' lang='grc' dir='ltr'><em>ὅπερ</em></span> <span class='ocrx_word' id='word_1_116' title='bbox 286 2302 560 2367; x_wconf 87' lang='grc' dir='ltr'><em>καλοῦμεν</em></span> <span class='ocrx_word' id='word_1_117' title='bbox 615 2299 790 2367; x_wconf 77' lang='grc' dir='ltr'><em>ὄνομα</em></span> <span class='ocrx_word' id='word_1_118' title='bbox 844 2297 1098 2367; x_wconf 80' lang='grc' dir='ltr'><em>ἕκαστον,</em></span> <span class='ocrx_word' id='word_1_119' title='bbox 1152 2301 1315 2352; x_wconf 85' lang='grc' dir='ltr'><em>τοῦτό</em></span> <span class='ocrx_word' id='word_1_120' title='bbox 1370 2298 1520 2353; x_wconf 83' lang='grc' dir='ltr'><em>ἐστιν</em></span> <span class='ocrx_word' id='word_1_121' title='bbox 1576 2299 1781 2374; x_wconf 76' lang='grc' dir='ltr'><em>ἑκάστῳ</em></span> 
     </span>
     <span class='ocr_line' id='line_1_21' title="bbox 101 2382 1782 2458; baseline 0.001 -19"><span class='ocrx_word' id='word_1_122' title='bbox 101 2387 275 2455; x_wconf 78' lang='grc' dir='ltr'><em>ὄνομα</em></span> <span class='ocrx_word' id='word_1_123' title='bbox 292 2386 325 2455; x_wconf 79' lang='lat'><em>3⁹</em></span> <span class='ocrx_word' id='word_1_124' title='bbox 366 2386 395 2440; x_wconf 87' lang='grc' dir='ltr'>ὁ</span> <span class='ocrx_word' id='word_1_125' title='bbox 437 2385 520 2439; x_wconf 82' lang='grc' dir='ltr'><em>δέ·</em></span> <span class='ocrx_word' id='word_1_126' title='bbox 559 2386 786 2440; x_wconf 65' lang='grc' dir='ltr'><em>εοὔκουν</em></span> <span class='ocrx_word' id='word_1_127' title='bbox 826 2389 920 2439; x_wconf 84' lang='grc' dir='ltr'><em>σοί</em></span> <span class='ocrx_word' id='word_1_128' title='bbox 952 2386 1051 2455; x_wconf 80' lang='grc' dir='ltr'><em>γε,’</em></span> <span class='ocrx_word' id='word_1_129' title='bbox 1089 2382 1123 2455; x_wconf 74' lang='grc' dir='ltr'><em>ἦ</em></span> <span class='ocrx_word' id='word_1_130' title='bbox 1166 2385 1216 2440; x_wconf 81' lang='grc' dir='ltr'><em>δ’</em></span> <span class='ocrx_word' id='word_1_131' title='bbox 1255 2387 1331 2455; x_wconf 83' lang='grc' dir='ltr'><em>ὅς,</em></span> <span class='ocrx_word' id='word_1_132' title='bbox 1373 2387 1566 2456; x_wconf 54' lang='grc' dir='ltr'><em>ρὄνομα</em></span> <span class='ocrx_word' id='word_1_133' title='bbox 1590 2386 1782 2458; x_wconf 89' lang='grc' dir='ltr'><em>Ἑρμο-</em></span> 
     </span>
     <span class='ocr_line' id='line_1_22' title="bbox 101 2471 1781 2546; baseline 0.001 -20"><span class='ocrx_word' id='word_1_134' title='bbox 101 2473 282 2542; x_wconf 84' lang='grc' dir='ltr'><em>γένης,</em></span> <span class='ocrx_word' id='word_1_135' title='bbox 323 2471 453 2527; x_wconf 75' lang='grc' dir='ltr'><em>οὐδὲ</em></span> <span class='ocrx_word' id='word_1_136' title='bbox 493 2473 562 2527; x_wconf 75' lang='grc' dir='ltr'><em>ἂν</em></span> <span class='ocrx_word' id='word_1_137' title='bbox 600 2476 799 2539; x_wconf 89' lang='grc' dir='ltr'><em>πάντες</em></span> <span class='ocrx_word' id='word_1_138' title='bbox 836 2478 1078 2528; x_wconf 83' lang='grc' dir='ltr'><em>καλῶσιν</em></span> <span class='ocrx_word' id='word_1_139' title='bbox 1118 2475 1440 2546; x_wconf 77' lang='grc' dir='ltr'><em>ἄνθρωποιῖ</em></span> <span class='ocrx_word' id='word_1_140' title='bbox 1517 2474 1608 2528; x_wconf 86' lang='grc' dir='ltr'><em>καὶ</em></span> <span class='ocrx_word' id='word_1_141' title='bbox 1647 2475 1781 2544; x_wconf 85' lang='grc' dir='ltr'><em>ἐμοῦ</em></span> 
     </span>
     <span class='ocr_line' id='line_1_23' title="bbox 102 2559 1778 2633; baseline 0.003 -20"><span class='ocrx_word' id='word_1_142' title='bbox 102 2559 412 2630; x_wconf 80' lang='grc' dir='ltr'><em>ἐρωτῶντος</em></span> <span class='ocrx_word' id='word_1_143' title='bbox 449 2561 541 2615; x_wconf 85' lang='grc' dir='ltr'><em>καὶ</em></span> <span class='ocrx_word' id='word_1_144' title='bbox 579 2562 1049 2633; x_wconf 83' lang='grc' dir='ltr'><em>προθυμουμένου</em></span> <span class='ocrx_word' id='word_1_145' title='bbox 1089 2561 1294 2616; x_wconf 77' lang='grc' dir='ltr'><em>εἰδέναι</em></span> <span class='ocrx_word' id='word_1_146' title='bbox 1334 2564 1417 2616; x_wconf 84' lang='grc' dir='ltr'><em>ὅτι</em></span> <span class='ocrx_word' id='word_1_147' title='bbox 1455 2562 1584 2619; x_wconf 79' lang='grc' dir='ltr'><em>ποτὲ</em></span> <span class='ocrx_word' id='word_1_148' title='bbox 1615 2563 1778 2632; x_wconf 79' lang='grc' dir='ltr'><em>λέγει,</em></span> 
     </span>
     <span class='ocr_line' id='line_1_24' title="bbox 106 2645 1896 2722; baseline 0.004 -23"><span class='ocrx_word' id='word_1_149' title='bbox 106 2645 264 2719; x_wconf 80' lang='grc' dir='ltr'><em>Ιοῦτε</em></span> <span class='ocrx_word' id='word_1_150' title='bbox 305 2647 581 2717; x_wconf 78' lang='grc' dir='ltr'><em>ἀποσαφεῖ·</em></span> <span class='ocrx_word' id='word_1_151' title='bbox 617 2647 782 2704; x_wconf 76' lang='grc' dir='ltr'><em>οὐδὲν</em></span> <span class='ocrx_word' id='word_1_152' title='bbox 821 2652 1172 2721; x_wconf 86' lang='grc' dir='ltr'><em>εἰρωνεύεταί</em></span> <span class='ocrx_word' id='word_1_153' title='bbox 1204 2670 1261 2704; x_wconf 90' lang='grc' dir='ltr'><em>τε</em></span> <span class='ocrx_word' id='word_1_154' title='bbox 1300 2654 1437 2722; x_wconf 89' lang='grc' dir='ltr'><em>πρός</em></span> <span class='ocrx_word' id='word_1_155' title='bbox 1475 2672 1564 2721; x_wconf 85' lang='grc' dir='ltr'><em>με,</em></span> <span class='ocrx_word' id='word_1_156' title='bbox 1612 2666 1779 2722; x_wconf 80' lang='grc' dir='ltr'><em>προσ·</em></span> <span class='ocrx_word' id='word_1_157' title='bbox 1811 2667 1896 2709; x_wconf 84' lang='lat'><em>384</em></span> 
     </span>
     <span class='ocr_line' id='line_1_25' title="bbox 100 2736 1779 2813; baseline 0.002 -25"><span class='ocrx_word' id='word_1_158' title='bbox 100 2736 428 2813; x_wconf 83' lang='grc' dir='ltr'><em>ποιούμενός</em></span> <span class='ocrx_word' id='word_1_159' title='bbox 473 2755 526 2790; x_wconf 88' lang='grc' dir='ltr'><em>τι</em></span> <span class='ocrx_word' id='word_1_160' title='bbox 573 2738 735 2801; x_wconf 86' lang='grc' dir='ltr'><em>αὐτὸς</em></span> <span class='ocrx_word' id='word_1_161' title='bbox 782 2738 841 2791; x_wconf 90' lang='grc' dir='ltr'><em>ἐν</em></span> <span class='ocrx_word' id='word_1_162' title='bbox 889 2737 1060 2811; x_wconf 76' lang='grc' dir='ltr'><em>ἑαυτῷ</em></span> <span class='ocrx_word' id='word_1_163' title='bbox 1109 2741 1456 2793; x_wconf 78' lang='grc' dir='ltr'><em>διανοεῖσθαι</em></span> <span class='ocrx_word' id='word_1_164' title='bbox 1502 2741 1575 2802; x_wconf 85' lang='grc' dir='ltr'><em>ὡς</em></span> <span class='ocrx_word' id='word_1_165' title='bbox 1620 2740 1779 2801; x_wconf 81' lang='grc' dir='ltr'><em>εἰδὼς</em></span> 
     </span>
     <span class='ocr_line' id='line_1_26' title="bbox 99 2821 1777 2896; baseline 0.001 -20"><span class='ocrx_word' id='word_1_166' title='bbox 99 2821 225 2895; x_wconf 87' lang='grc' dir='ltr'><em>περὶ</em></span> <span class='ocrx_word' id='word_1_167' title='bbox 265 2823 453 2892; x_wconf 87' lang='grc' dir='ltr'><em>αὐτοῦ,</em></span> <span class='ocrx_word' id='word_1_168' title='bbox 494 2823 523 2877; x_wconf 90' lang='grc' dir='ltr'>ὃ</span> <span class='ocrx_word' id='word_1_169' title='bbox 564 2826 615 2877; x_wconf 83' lang='grc' dir='ltr'><em>εἰ</em></span> <span class='ocrx_word' id='word_1_170' title='bbox 649 2826 906 2893; x_wconf 86' lang='grc' dir='ltr'><em>βούλοιτο</em></span> <span class='ocrx_word' id='word_1_171' title='bbox 947 2835 1136 2896; x_wconf 80' lang='grc' dir='ltr'><em>σαφῶς</em></span> <span class='ocrx_word' id='word_1_172' title='bbox 1168 2828 1358 2895; x_wconf 78' lang='grc' dir='ltr'><em>εἰπεῖν,</em></span> <span class='ocrx_word' id='word_1_173' title='bbox 1399 2828 1677 2895; x_wconf 83' lang='grc' dir='ltr'><em>ποιήσειεν</em></span> <span class='ocrx_word' id='word_1_174' title='bbox 1709 2825 1777 2877; x_wconf 79' lang='grc' dir='ltr'><em>ἂν</em></span> 
     </span>
    </p>
   </div>
  </div>
 </body>
</html>
