2020 3198
226 148 254 197 1
264 145 331 198 18
893 146 1230 191 ΠΛΑΤΩΝΟΣ

221 265 335 318 τῷν
391 264 700 336 εἰρημένων
754 262 887 319 τάδε
939 261 1074 335 ἡμῖν
1130 265 1441 335 ξυμβαίνει,
1495 266 1570 340 τῷ
1623 263 1726 334 μὲν
1769 267 1909 339 θείῳ

165 350 314 405 Βκαὶ
348 350 357 425 Ι
391 350 658 427 ἀθανάτῳ
697 351 790 407 καὶ
828 354 1009 427 νοητῷ
1049 351 1142 406 καὶ
1181 354 1465 422 μονοειδεῖ
1497 351 1591 406 καὶ
1630 349 1909 426 ἀδιαλύτῳ

219 440 312 496 καὶ
359 438 447 496 ἀεὶ
495 437 759 506 ὡσαύτως
801 438 940 496 κατὰ
985 438 1159 495 ταύτὰ
1207 444 1389 512 ἔχοντι
1435 440 1611 516 ἑαυτῷ
1659 437 1909 512 ὁμοιότα-

220 548 320 584 τον
367 526 514 584 εἶναι
559 528 771 601 ψυχήν,
823 532 898 604 τῷ
947 527 1009 584 δὲ
1054 526 1398 603 ἀνθρωπίνῳ
1443 527 1538 583 καὶ
1577 530 1770 604 θνητῷ
1815 528 1909 584 καὶ

220 620 507 673 πολυειδεῖ
531 617 624 672 καὶ
663 614 884 692 ἀνοήτῳ
923 617 1016 672 καὶ
1057 619 1295 690 διαλυτῷ
1334 615 1428 670 καὶ
1465 616 1737 686 μηδέποτε
1769 614 1908 671 κατὰ

218 702 392 760 ταύτὰ
419 709 603 776 ἔχοντι
635 705 811 780 ἑαυτῷ
845 703 1176 776 ὁμοιότατον
1209 698 1282 760 αὖ
1315 701 1460 760 εἶναι
1491 706 1663 775 σῶμα.
1713 705 1909 776 ἔχομέν
1960 744 1963 747 ,
2014 707 2020 750 ἰ

218 812 272 846 τι
301 790 449 864 παρὰ
479 795 655 848 ταῦτα
685 792 822 848 ἄλλο
854 793 1053 864 λέγειν,
1077 786 1122 848 ὦ
1147 797 1275 864 φίλε
1298 793 1501 863 Κέβης,
1530 784 1568 864 ᾖ
1600 789 1703 864 οὐχ
1734 789 1910 858 οὕτως

220 881 375 950 ἔχει;’
416 878 542 935 εοὐκ
580 883 811 952 ἔχομεν.’

366 969 557 1024 XXIX.
629 970 724 1024 ‘th
752 962 884 1037 οὖν;
916 968 1132 1024 τούτων
1164 967 1341 1035 οὕτως
1380 967 1623 1041 ἐχόντων
1654 961 1744 1041 ἆρ’
1782 966 1909 1040 οὐχὶ

221 1054 432 1126 σώματι
478 1055 580 1126 μὲν
626 1055 765 1128 ταχὺ
815 1055 1148 1113 διαλύεσθαι
1193 1055 1485 1130 προσήκει,
1529 1060 1678 1130 ψυχῇ
1727 1055 1789 1113 δὲ
1835 1050 1907 1112 αὖ

218 1143 280 1199 τὸ
321 1143 584 1218 παράπαν
624 1144 904 1219 ἀδιαλύτῳ
945 1143 1092 1201 εἶναι
1129 1141 1164 1216 ἢ
1206 1144 1370 1216 ἐγγύς
1405 1165 1458 1200 τι
1488 1144 1735 1212 τούτου;’
1776 1145 1910 1211 επῶς

167 1232 229 1306 (ΣΙ
256 1231 364 1305 γὰρ
407 1230 521 1300 οὔ;’
571 1234 801 1299 “ἐννοεῖς
841 1227 993 1304 οὖν,’
1033 1237 1165 1305 ἔφη,
1207 1231 1337 1304 “ὃ’τι,
1378 1231 1605 1289 ἐπειδὰν
1643 1231 1907 1304 ἀποθάνῃ

221 1318 250 1376 ὃ
292 1319 618 1395 ἅνθρωπος,
657 1320 721 1378 τὸ
762 1321 864 1393 μὲν
905 1320 1109 1394 ὁρατὸν
1149 1320 1351 1391 αὐτοῦ,
1388 1320 1452 1377 τὸ
1494 1324 1678 1392 σῶμα,
1715 1321 1808 1376 καὶ
1847 1323 1908 1377 ἐν

221 1405 402 1485 ὁρατῷ
442 1414 725 1482 κείμενον,
776 1405 807 1465 ὃ
857 1409 927 1480 δὴ
965 1409 1168 1483 νεκρὸν
1205 1412 1512 1481 καλοῦμεν,
1558 1401 1605 1484 ῷ
1643 1407 1907 1482 προσήκει

221 1497 555 1554 διαλύεσθαι
615 1498 708 1553 καὶ
770 1501 1083 1554 διαπίπτειν
1149 1499 1262 1567 [καὶ
1324 1501 1736 1568 διαπνεῖσθαι],
1805 1494 1908 1553 οὐκ

219 1584 398 1651 εὐθὺς
433 1585 649 1642 τούτων
690 1584 858 1642 οὐδὲν
897 1587 1206 1657 πέπονθεν,
1247 1584 1369 1641 ἀλλ’
1413 1588 1661 1651 ἐπιεικῶς
1699 1583 1908 1657 συχνὸν

220 1674 462 1745 ἐπιμένει
500 1673 735 1746 χρόνον,
783 1673 882 1731 ἐὰν
928 1675 1030 1746 μέν
1076 1695 1158 1740 τις
1194 1674 1288 1730 καὶ
1326 1675 1625 1748 χαριέντως
1663 1678 1806 1746 ἔχων
1843 1671 1905 1729 τὸ

221 1766 379 1834 σῶμα
415 1763 711 1836 τελευτήσῃ
750 1763 844 1819 καὶ
883 1764 945 1819 ἐν
981 1761 1210 1836 τοιαύτῃ
1252 1761 1388 1837 ὥρα,
1426 1762 1518 1840 καὶ
1556 1761 1707 1818 πάνυ
1745 1761 1905 1832 μάλα.

221 1850 504 1923 συμπεσὸν
550 1850 656 1924 γὰρ
693 1849 757 1907 τὸ
799 1853 958 1922 σῷμα
996 1850 1089 1906 καὶ
1127 1850 1481 1922 ταριχευθέν,
1528 1847 1712 1923 ὥσπερ
1752 1851 1811 1906 οἱ
1846 1851 1905 1906 ἐν

218 1938 485 2015 Αἰγύπτῳ
523 1940 965 2012 ταριχευθέντες,
1014 1936 1207 2009 ὀλίγου
1254 1936 1389 1994 ὅλον
1428 1934 1579 2009 μένει
1618 1936 1906 2009 ἀμήχανον

163 2025 358 2083 Βὸσον
405 2026 628 2099 χρόνον.
704 2031 825 2082 ἔνια
880 2025 942 2082 δὲ
975 2026 985 2100 Ι
1019 2026 1155 2099 μέρη
1209 2028 1311 2082 τοῦ
1357 2024 1634 2097 σώματος,
1686 2025 1780 2082 καὶ
1833 2022 1907 2081 ἂν

220 2117 386 2188 σαπῇ,
427 2113 563 2171 ὀστᾶ
601 2136 660 2171 τε
697 2113 790 2170 καὶ
827 2117 1001 2187 νεῦρα
1038 2114 1132 2169 καὶ
1162 2112 1228 2169 τὰ
1260 2117 1490 2170 τοιαῦτα
1519 2113 1718 2185 πάντα,
1758 2111 1906 2184 ὅμως

220 2202 295 2267 ὥς
341 2208 470 2267 ἔπος
516 2206 690 2258 εἰπεῖν
737 2201 998 2258 ἀθάνατοί
1047 2203 1219 2258 ἐστιν·
1263 2197 1300 2272 ἢ
1348 2200 1465 2269 οὖς’
1518 2202 1664 2258 ‘vad'
1741 2198 1796 2271 ’ἡ
1844 2201 1907 2257 δὲ

219 2289 369 2362 ψυχὴ
417 2289 551 2363 ἄρα,
596 2289 660 2346 τὸ
709 2288 913 2361 ἀειδές,
959 2288 1022 2345 τὸ
1071 2294 1148 2355 εἰς
1188 2292 1445 2346 τοιοῦτον
1497 2289 1670 2346 τόπον
1716 2290 1905 2360 ἕτερον

222 2377 519 2450 οἰχόμενον
556 2387 820 2448 γενναῖον
858 2378 951 2433 καὶ
980 2376 1239 2449 καθαρὸν
1269 2376 1362 2432 καὶ
1393 2375 1571 2448 ἀειδῆ,
1609 2379 1687 2443 εἰς
1709 2374 1906 2432 ’Ἅιδου

223 2463 297 2530 ὥς
335 2463 579 2536 ἀληθῶς,
617 2465 765 2537 παρὰ
805 2463 905 2521 τὸν
946 2462 1166 2535 ἀγαθὸν
1204 2464 1296 2520 καὶ
1328 2463 1609 2537 φρόνιμον
1638 2463 1798 2536 θεόν,
1832 2459 1904 2535 οἷ,

222 2549 295 2608 ἄν
332 2551 469 2619 θεὸς
508 2553 700 2625 ἐθέλῃ,
748 2550 944 2607 αὐτίκα
983 2553 1075 2607 καὶ
1113 2554 1180 2624 τῇ
1224 2554 1325 2624 ἐμῇ
1364 2554 1512 2624 ψυχῇ
1554 2552 1726 2623 ἰτέον,
1765 2551 1904 2623 αὕτη

222 2641 285 2697 δὲ
324 2639 395 2712 δὴ
432 2638 568 2713 ἡμῖν
606 2638 641 2711 ἡ
681 2639 908 2711 τοιαύτη
946 2639 1039 2695 καὶ
1079 2637 1224 2695 οὕτω
1263 2649 1541 2710 πεφυκυῖα
1571 2637 1905 2697 ἀπαλλαττο-

222 2730 359 2801 μένη
398 2733 501 2785 τοῦ
539 2728 792 2799 σώματος
829 2725 1004 2793 εὐθὺς
1036 2726 1444 2798 διαπεφύσηται
1474 2728 1566 2782 καὶ
1597 2726 1903 2799 ἀπόλωλεν,

170 2817 298 2884 Εῶς
343 2834 516 2889 φασιν
570 2818 629 2872 οἱ
678 2816 874 2871 πολλοὶ
926 2814 1249 2889 ἄνθρωποι;
1303 2818 1513 2871 πολλοῦ
1564 2837 1628 2888 γε
1674 2809 1903 2888 δεῖ,Ιῶ

2003 2975 2020 3147 'kaffl‘mnn
2010 2834 2020 2957 „sn-5„
2018 2680 2020 2684 .
2018 2627 2020 2629 .
