2020 3198
584 158 907 201 ΑΠΟΛΟΓΙΑ
936 157 1314 203 ΣΩΚΡΑΤΟΥΣ.
1724 160 1797 212 55

114 271 260 344 παρὰ
307 272 472 329 πολύ·
525 277 634 330 νῦν
681 274 767 344 δέ,
823 271 898 339 ὡς
943 277 1146 345 ἔοικεν,
1193 278 1244 330 εἰ
1286 274 1583 349 τριάκοντα
1628 276 1796 348 μόναι

31 397 43 400 -
114 360 412 430 μετέπεσον
441 364 556 417 τῶν
587 360 813 433 ψήφων,
853 359 1210 433 ἀποπεφεύγη
1243 361 1330 419 ὅέν.
1399 365 1662 435 Μέλητον
1693 364 1796 436 μὲν

115 441 244 519 οὖν,
285 446 359 514 ὡς
397 449 518 519 ἐμοὶ
557 452 722 520 δοκῶ,
760 448 853 504 καὶ
890 451 999 504 νῦν
1038 447 1420 522 ἀποπέφευγα,
1458 452 1551 507 καὶ
1590 450 1659 508 οὐ
1698 451 1795 524 μό-

111 556 217 590 νον
258 534 633 608 ἀποπέφευγα,
674 535 814 592 ἀλλὰ
854 538 1018 592 παντὶ
1058 540 1233 608 δῆλον
1270 539 1437 596 τοῦτό
1476 562 1565 611 γε,
1604 538 1706 611 ὅτι,
1746 543 1798 596 εἰ

113 620 187 693 μὴ
238 621 408 695 ἀνέβη
441 623 672 690 ’Άνυτος
725 624 818 679 καὶ
863 623 1071 679 Λύκων
1120 625 1592 698 κατηγορήσοντες
1639 629 1794 698 ἐμοῦ,

111 706 216 765 κᾶν
257 704 408 781 ὦφλε
444 715 621 783 χιλίας
655 715 661 783 Ι
697 711 960 784 δραχμάς,
1002 711 1070 768 οὐ
1101 714 1426 785 μεταλαβὼν
1456 713 1518 771 τὸ
1550 716 1848 786 πέμπτονΒ

111 798 276 870 μέρος
312 802 424 854 τῶν
463 799 684 871 ψήφων.

258 887 456 942 XXVI.
537 891 770 958 Τιμᾶται
824 885 878 943 δ’
940 881 1045 944 οὖν
1098 890 1193 959 μοι
1246 887 1277 945 ὁ
1331 889 1477 964 ἀνὴρ
1522 890 1793 947 θανάτου.

111 970 246 1029 εἷεν·
294 972 399 1044 ἐγώ
440 974 502 1030 δὲ
541 974 610 1046 δὴ
650 979 802 1040 τίνος
839 973 974 1046 ὑμῖν
1014 974 1462 1048 ἀντιτιμήσομαι,
1509 971 1553 1034 ὦ
1594 977 1795 1049 ἄνδρες

107 1058 421 1132 Ἀθηναῖοι;
467 1059 502 1134 ἢ
553 1066 727 1133 δῆλον
775 1061 860 1119 ὅτι
905 1066 1001 1134 τῆς
1047 1062 1225 1131 ἀξίας;
1272 1069 1331 1119 τί
1372 1058 1503 1132 οὗν;
1548 1061 1607 1121 τί
1640 1065 1795 1133 ἄξιός

111 1152 223 1220 εἰμι
267 1157 471 1205 παθεῖν
517 1147 552 1221 ἢ
603 1150 886 1222 ἀποτῖσαι,
938 1149 1024 1207 ὅτι
1069 1151 1271 1223 μαθὼν
1318 1154 1378 1208 ἐν
1422 1155 1499 1228 τῷ
1545 1157 1648 1227 βίῳ
1691 1152 1794 1225 οὐχ

109 1233 347 1307 ἡσυχίαν
385 1229 552 1307 ἦγον,
600 1236 722 1293 ἀλλ’
767 1236 1044 1309 ἀμελήσας
1083 1232 1266 1312 ὧνπερ
1307 1241 1365 1295 οἰ
1398 1246 1618 1311 πολλοί,
1664 1262 1794 1313 χρη-

110 1327 384 1395 ματισμοῦ
430 1345 489 1381 τε
537 1325 630 1380 καὶ
669 1329 989 1396 οἰκονομίας
1032 1326 1125 1381 καὶ
1171 1329 1515 1398 στρατηγιῶν
1559 1328 1653 1382 καὶ
1699 1330 1794 1398 δη-

110 1414 394 1484 μηγοριῶν
431 1412 525 1467 καὶ
561 1415 673 1469 τῶν
713 1412 896 1469 ἄλλων
936 1412 1125 1486 ἀρχῶν
1169 1414 1262 1468 καὶ
1302 1415 1663 1484 ξυνωμοσιῶν
1700 1416 1794 1470 καὶ

111 1498 359 1555 στάσεων
411 1503 524 1556 τῶν
578 1503 639 1556 ἐν
691 1504 756 1574 τῇ
810 1500 967 1556 πόλει
1019 1502 1392 1573 γιγνομένων,
1446 1499 1795 1573 ἡγησάμενος

111 1586 350 1658 ἐμαυτὸν
389 1591 464 1662 τῷ
506 1586 627 1643 ὄντι
668 1589 1067 1662 ἐπιεικέστερον
1106 1587 1251 1645 εἶναι
1288 1586 1323 1660 ἢ
1357 1588 1496 1645 ὥστε
1526 1593 1605 1655 εἰς
1634 1587 1788 1645 ταῦτ’

113 1674 119 1748 Ι
147 1673 306 1730 ἰόντα
345 1675 636 1751 σῴζεσθαι,
679 1678 928 1732 ἐνταῦθα
959 1677 1060 1748 μὲν
1094 1676 1196 1733 οὐκ
1225 1671 1316 1750 ᾖα,
1357 1673 1417 1733 οἷ
1443 1675 1627 1733 ἐλθών
1657 1676 1792 1749 μήτε
1811 1684 1845 1730 C

109 1760 243 1833 ὑμῖν
291 1762 426 1834 μήτε
472 1766 685 1840 ἐμαυτῷ
735 1768 962 1835 ἔμελλον
1011 1764 1187 1835 μηδὲν
1235 1764 1437 1836 ὄφελος
1483 1763 1651 1836 εἶναι,
1706 1765 1794 1821 ἐπὶ

111 1848 174 1905 δὲ
210 1849 273 1906 τὸ
315 1853 431 1924 ἰδίᾳ
470 1852 700 1907 ἕκαστον
741 1851 844 1908 ἰὼν
876 1850 1183 1924 εὐεργετεῖν
1213 1850 1315 1922 τὴν
1347 1855 1611 1923 μεγίστην
1643 1850 1792 1925 εὐερ-

111 1942 320 2009 γεσίαν,
360 1936 435 2004 ὥς
473 1938 579 2009 ἐγώ
619 1961 778 2010 φημι,
819 1941 1066 1994 ἐνταῦθα
1102 1932 1194 2012 ᾖα,
1234 1941 1523 2011 ἐπιχειρῶν
1562 1940 1793 1996 ἕκαστον

113 2023 270 2097 ὑμῶν
308 2030 527 2081 πείθειν
566 2025 639 2097 μὴ
680 2025 952 2099 πρότερον
991 2027 1125 2098 μήτε
1161 2030 1274 2083 τῶν
1314 2028 1516 2083 ἑαυτοῦ
1554 2027 1796 2099 μηδενὸς

114 2115 508 2184 ἐπιμελεῖσθαι,
547 2113 678 2185 πρὶν
718 2113 918 2168 ἑαυτοῦ
959 2116 1335 2185 ἐπιμεληθείη,
1377 2112 1524 2180 ὅπως
1562 2112 1636 2181 ὡς
1674 2117 1794 2186 βέλ-

114 2216 295 2266 τιστος
330 2201 423 2255 καὶ
455 2200 875 2273 φρονιμώτατος
905 2205 1103 2271 ἔσοιτο,
1136 2201 1270 2272 μήτε
1300 2203 1411 2257 τῶν
1442 2204 1538 2272 τῆς
1567 2202 1793 2274 πόλεως,

113 2288 243 2360 πρὶν
297 2286 467 2359 αὐτῆς
521 2291 618 2358 τῆς
670 2288 904 2360 πόλεως,
960 2292 1073 2345 τῶν
1125 2310 1183 2345 τε
1233 2287 1418 2345 ἄλλων
1464 2288 1609 2345 οὕτω
1655 2289 1791 2345 κατὰ

112 2374 209 2431 τὸν
267 2374 441 2431 αὐτὸν
494 2376 704 2449 τρόπον
760 2379 1160 2448 ἐπιμελεῖσθαι·
1214 2381 1273 2432 τί
1321 2370 1427 2433 οὖν
1481 2381 1592 2448 εἰμι
1644 2375 1795 2443 ἄξιος

112 2470 316 2518 παθεῖν
351 2467 359 2534 Ι
391 2467 643 2530 τοιοῦτος
676 2463 783 2532 ὤνς
824 2462 1047 2535 ἀγαθόν
1077 2486 1147 2534 τι,
1180 2457 1223 2521 ὦ
1256 2463 1457 2537 ἄνδρες
1483 2463 1847 2536 Ἀθηναῖοι,1)

113 2552 163 2604 εἰ
201 2553 288 2605 δεῖ
328 2572 391 2621 γε
433 2550 569 2607 κατὰ
616 2549 718 2622 τὴν
766 2551 926 2618 ἀξίαν
972 2555 1037 2624 τῇ
1085 2550 1322 2626 ἀληθεία
1365 2554 1656 2622 τιμᾶσθαι·
1701 2552 1794 2607 καὶ

111 2636 284 2692 ταῦτά
330 2659 392 2707 γε
439 2637 660 2708 ἀγαθὸν
708 2642 992 2709 τοιοῦτον,
1041 2636 1125 2693 ὅτι
1172 2635 1242 2693 ἂν
1287 2638 1485 2711 πρέποι
1533 2640 1667 2710 ἐμοί.
1742 2643 1799 2693 τί

114 2716 218 2779 οὖν
272 2725 464 2796 πρέπει
526 2723 692 2797 ἀνδρὶ
744 2727 936 2797 πένητι
994 2723 1276 2798 εὐεργέτῃ,
1338 2727 1580 2799 δεομένῳ
1637 2724 1793 2795 ἄγειν

114 2810 320 2883 σχολὴν
367 2812 453 2866 ἐπὶ
498 2814 563 2884 τῇ
620 2810 856 2886 ὑμετέρα
904 2811 1320 2884 παρακελεύσεις
1378 2811 1480 2868 οὐκ
1534 2810 1655 2866 ἔσθ’
1708 2810 1793 2867 ὅτι
