2020 3198
255 151 325 205 66
934 150 1270 194 ΠΛΑΤΩΝΟΣ

401 279 492 322 ΚΡ.
547 262 651 324 ςΗν
691 267 753 324 δὲ
785 266 851 339 δὴ
894 270 954 323 τί
982 266 1048 323 τὸ
1091 266 1388 334 ἐνύπνιον;

405 365 501 410 ΣΩ.
559 355 773 413 Ἐδόκει
810 361 893 422 τίς
930 378 1026 427 μοι
1063 355 1208 427 γυνὴ
1250 359 1651 427 προσελθοῦσα
1679 354 1818 427 καλὴ
1849 357 1937 412 καὶ
2016 383 2020 386 ·

201 444 487 517 Βεύειδής,
526 444 694 501 λευκὰ
735 444 922 516 ἱμάτια
954 448 1175 517 ἔχουσα,
1214 446 1441 500 καλέσαι
1480 466 1546 515 με
1582 450 1589 515 Ι
1623 443 1715 500 καὶ
1747 449 1941 502 εἰπεῖν·

257 528 300 591 ῶ
341 534 653 607 Σώκρατες,

186 617 189 620 ’
402 621 574 695 ἤματί
607 643 703 678 κεν
740 620 972 696 τριτάτῳ
1019 625 1208 692 Φθίην
1249 620 1521 692 ἐρίβωλον
1561 624 1722 678 ἵκοιο.

402 722 493 764 ΚΡ.
540 709 781 767 ’Ἀτοπον
819 709 881 766 τὸ
923 708 1218 779 ἐνύπνιον,
1260 702 1308 765 ῶ
1347 709 1655 783 Σώκρατες.

404 808 501 852 ΣΩ.
550 798 809 871 Ἐναργὲς
832 797 933 869 μὲν
966 791 1091 869 οὗν,
1125 795 1199 863 ῶς
1221 798 1287 868 γέ
1308 819 1403 868 μοι
1429 802 1598 869 δοκεῖ,
1626 791 1670 854 ῶ
1702 802 1970 871 Κρίτων.μ

404 889 501 943 ΙΙΙ.
539 897 630 939 ΚΡ.
693 891 840 942 Λίαν
885 908 973 957 γε,
1024 883 1099 951 ὥς
1146 889 1339 941 ἔοικεν.
1391 883 1535 956 ἀλλ’,
1589 879 1634 942 ῶ
1691 886 1942 958 δαιμόνιε

260 976 580 1049 Σώκρατες,
628 978 707 1030 ἔτι
751 974 844 1030 καὶ
889 977 998 1030 νῦν
1039 974 1160 1045 ἐμοὶ
1205 978 1409 1030 πείθου
1452 974 1547 1028 καὶ
1593 974 1830 1047 σώθητι·
1870 973 1944 1040 ῶς

259 1066 411 1136 ἐμοί,
453 1061 550 1120 ἐὰν
592 1061 662 1119 σὺ
701 1061 1020 1135 ἀποθάνῃς,
1062 1061 1131 1118 οὐ
1170 1067 1268 1133 μία
1301 1062 1556 1135 ξυμφορά
1598 1065 1764 1135 ἐστιν,
1805 1062 1944 1120 ἀλλὰ

258 1152 426 1225 χωρὶς
464 1151 564 1223 μὲν
603 1154 705 1207 τοῦ
746 1153 1079 1224 ἐστερῆσθαι
1124 1149 1388 1207 τοιούτου
1435 1153 1771 1223 ἐπιτηδείου,
1822 1147 1943 1208 οἷον

261 1240 366 1312 ἐγῶ
401 1239 608 1296 οὐδένα
640 1239 714 1311 μή
746 1259 877 1295 ποτε
909 1237 1157 1312 εὑρήσω,
1198 1242 1278 1294 ἔτι
1310 1238 1371 1294 δὲ
1401 1239 1493 1294 καὶ
1525 1245 1751 1306 πολλοῖς
1782 1241 1944 1311 δόξω,

211 1331 320 1384 Col*
356 1326 449 1398 ἐμὲ
485 1328 578 1383 καὶ
618 1327 679 1383 σε
717 1326 791 1398 μὴ
839 1330 1032 1398 σαφῶς
1079 1333 1292 1398 ἴσασιν,
1345 1325 1419 1393 ὡς
1466 1322 1584 1392 οἷός
1617 1334 1623 1394 Ι
1657 1326 1705 1382 τ’
1757 1327 1837 1384 ῶν
1885 1345 1946 1385 σε

262 1414 479 1490 σςόζειν,
505 1420 556 1472 εί
577 1415 788 1486 ἤθελον
813 1413 1134 1471 ἀναλίσκειν
1158 1414 1425 1487 χρήματα,
1451 1413 1736 1486 ἀμελῆσαι.
1767 1420 1946 1473 καίτοι

259 1507 342 1568 τίς
394 1500 467 1558 ἂν
523 1507 756 1575 αἰσχίων
811 1510 894 1574 εἴη
945 1502 1148 1574 ταύτης
1196 1502 1331 1569 δόξα
1377 1499 1413 1574 ἦ
1464 1507 1650 1559 δοκεῖν
1695 1504 1946 1576 χρήματα

261 1590 387 1663 περὶ
425 1595 682 1656 πλείονος
719 1599 1004 1647 ποιεῖσθαι
1041 1587 1077 1662 ’ἢ
1124 1595 1348 1662 φίλους;
1398 1589 1465 1647 οὐ
1510 1589 1617 1665 γὰρ
1664 1597 1944 1649 πείσονται

264 1681 322 1734 ol
348 1684 570 1750 πολλοί,
604 1677 679 1746 ῶς
710 1678 781 1735 σύ
814 1678 983 1745 αὐτὸς
1016 1677 1120 1735 οὐκ
1151 1677 1431 1750 ἠθέλησας
1462 1679 1683 1737 ἀπιέναι
1714 1683 1946 1738 ἐνθένδε

262 1765 421 1839 ἡμῶν
458 1770 958 1841 προθυμουμένων.

410 1865 506 1911 ΣΩ.
564 1856 725 1913 Ἀλλά
765 1862 823 1913 τί
849 1855 1002 1928 ἡμῖν,
1035 1850 1078 1912 ῶ
1111 1856 1346 1928 μακάριε
1379 1861 1630 1929 Κρίτων,
1674 1855 1819 1914 οὕτω
1850 1862 1948 1930 τῆς

262 1948 376 2002 τῶν
426 1949 649 2002 πολλῶν
701 1945 864 2017 δόξης
914 1946 1088 2017 μέλει;
1142 1947 1201 2001 οί
1241 1944 1349 2017 γὰρ
1398 1947 1809 2017 ἐπιεικέστατοι,
1865 1939 1946 2003 ῶν

264 2036 477 2104 μᾶλλον
523 2033 682 2101 ἄξιον
736 2039 1078 2106 φροντίζειν,
1125 2032 1430 2106 ἡγήσονται
1477 2032 1615 2090 αὐτὰ
1665 2032 1810 2090 οὕτω
1856 2054 1946 2092 πε-

264 2126 530 2195 πρᾶχθαι,
571 2121 753 2195 ὥσπερ
794 2120 865 2178 ἂν
904 2126 1144 2195 πραχθῇ.

209 2220 247 2264 D
411 2220 502 2262 KP.
560 2208 719 2266 Ἀλλ’
772 2208 908 2283 ὁρᾷς
958 2210 1053 2281 δή,
1095 2209 1179 2266 ὅτι
1225 2209 1466 2282 ἀνάγκη,
1513 2205 1558 2267 ῶ
1594 2213 1601 2281 Ι
1635 2210 1945 2283 Σώκρατες,

264 2298 357 2353 καὶ
395 2301 492 2368 τῆς
528 2301 642 2355 τῶν
681 2301 903 2354 πολλῶν
944 2298 1109 2368 δόξης
1147 2299 1346 2369 μέλειν.
1403 2296 1543 2354 αὐτὰ
1592 2298 1653 2354 δὲ
1699 2302 1841 2369 δῆλα
1878 2297 1944 2354 τὰ

265 2385 514 2458 παρόντα
551 2390 700 2457 νυνί,
741 2385 825 2441 ὅτι
865 2381 981 2441 οἷοί
1014 2384 1060 2441 τ’
1106 2386 1247 2441 εἰσὶν
1287 2388 1346 2441 οἱ
1379 2386 1575 2441 πολλοὶ
1614 2383 1683 2441 οὐ
1720 2384 1787 2441 τὰ
1827 2402 1947 2458 σμι-

265 2474 504 2547 κρότατα
556 2477 671 2530 τῶν
723 2477 911 2530 κακῶν
959 2473 1370 2545 ἐξεργάζεσθαι,
1419 2471 1559 2528 ἀλλὰ
1606 2472 1673 2528 τὰ
1720 2475 1948 2546 μέγιστα
2017 2465 2020 2469 ’

267 2560 495 2634 σχεδόν,
535 2562 632 2617 ἐάν
670 2582 752 2627 τις
790 2563 850 2618 ἐν
891 2559 1080 2626 αὐτοῖς
1119 2561 1549 2632 διαβεβλημένος
1585 2555 1638 2635 ᾗ.

414 2658 509 2701 ΣΩ.
573 2652 647 2705 Εἰ
674 2648 782 2722 γὰρ
822 2648 1069 2720 ῶφελον,
1110 2641 1153 2705 ῶ
1194 2653 1435 2720 Κρίτων,
1477 2644 1593 2705 οἷοί
1624 2647 1673 2705 τ’
1717 2647 1861 2707 εἶναι
1886 2650 1952 2706 oc

267 2737 465 2795 πολλοὶ
502 2734 569 2792 τὰ
602 2737 827 2808 μέγιστα
859 2736 998 2792 κακὰ
1040 2736 1390 2809 ἐργάζεσθαι,
1431 2739 1525 2793 ἵνα
1565 2732 1681 2794 οἷοί
1712 2736 1761 2793 τ’
1803 2732 1949 2810 ἦσαν

267 2826 360 2881 καὶ
404 2823 473 2880 τὰ
518 2824 744 2896 μέγιστα
790 2822 1004 2895 ἀγαθά,
1050 2826 1140 2879 καὶ
1187 2828 1366 2891 καλῶς
1412 2822 1483 2881 ἂν
1530 2822 1697 2897 εἶχεν·
1735 2827 1843 2882 νῦν
1887 2824 1950 2882 δὲ
