2020 3198
243 135 353 187 204
916 137 1256 181 ΠΛΑΤῼΝΟΣ
1873 143 1932 184 30

242 262 413 308 ταῦτα
459 259 588 319 τοὺς
634 254 984 325 τιθεμένους·
1026 258 1087 310 τὸ
1126 258 1232 328 γὰρ
1272 258 1378 327 πρὸ
1417 258 1639 311 πάντων
1675 261 1829 311 θεῶν
1864 264 1931 327 τῇ

236 342 422 416 Ἑστίᾳ
452 346 641 415 πρώτῃ
673 346 948 416 προθύειν
980 346 1124 408 εἰκὸς
1156 345 1418 414 ἐκείνους,
1452 345 1651 409 οἵτινες
1672 346 1774 415 τὴν
1796 345 1933 421 πάνῂ
1993 401 1995 403 ,

243 452 355 486 των
402 433 599 487 οὐσίαν
632 432 853 487 Ἑστίαν
899 434 1275 503 ἐπωνόμασαν.
1354 435 1476 488 ὅσοι
1524 433 1577 487 δ’
1630 429 1701 487 αὖ
1740 433 1932 502 ὠσίαν,

245 523 445 591 σχεδόν
490 541 543 575 τι
589 517 660 575 αὗ
708 517 863 576 οὗτοι
908 517 1039 576 καθ’
1076 520 1434 593 Ἡράκλειτον
1480 522 1550 576 ἂν
1594 522 1819 591 ἡγοῖντο
1865 522 1932 575 τὰ

244 611 377 663 ὄντα
426 608 567 664 ἰέναι
612 629 670 664 τε
711 611 890 664 πάντα
927 609 1018 664 καὶ
1057 610 1244 680 μένειν
1284 610 1471 665 οὐδέν·
1510 613 1571 665 τὸ
1613 606 1716 665 οὖν
1754 615 1934 664 αἴτιον

243 696 334 751 καὶ
372 700 433 751 τὸ
475 698 717 769 ἀρχηγὸν
754 700 937 753 αὐτῶν
970 695 1111 754 εἶναι
1142 701 1203 753 τὸ
1237 701 1446 768 ὠθοῦν,
1488 700 1624 753 ὅθεν
1657 700 1724 768 δὴ
1755 703 1934 762 καλῶς

244 787 389 855 ἔχειν
421 786 554 839 αὐτὸ
589 787 762 839 ὠσίαν
795 787 1137 857 ὠνομάσθαι.
1206 786 1298 842 καὶ
1327 795 1499 841 ταῦτα
1530 783 1631 857 μὲν
1663 787 1731 856 δὴ
1762 788 1933 857 ταύτῃ

176 877 213 920 Ε
252 874 326 936 ὡς
378 876 525 945 παρὰ
579 871 752 943 μηδὲν
807 877 1036 928 εἰδότων
1083 876 1350 947 εἰρήσθω·
1393 874 1398 947 Ι
1440 876 1572 946 μετὰ
1618 872 1668 929 δ’
1714 874 1934 930 Ἑστίαν

246 963 462 1016 δίκαιον
493 960 645 1015 Ῥέαν
683 961 774 1015 καὶ
806 965 1030 1034 Κρόνον
1069 962 1485 1028 ἐπισκέψασθαι.
1554 965 1732 1018 καίτοι
1769 967 1833 1018 τό
1869 985 1932 1033 γε

244 1058 344 1104 τοῦ
384 1052 611 1121 Κρόνου
650 1052 825 1120 ὄνομα
863 1052 969 1120 ἤδη
1005 1053 1323 1122 διήλθομεν.
1387 1057 1517 1115 ἴσως
1547 1051 1735 1122 μέντοι
1766 1051 1932 1108 οὐδὲν

244 1137 401 1207 λέγω.

392 1226 536 1280 ΧΙΧ.
613 1227 779 1280 ΕΡΜ.
851 1230 921 1281 Τί
957 1230 1051 1297 δή,
1093 1225 1134 1282 ὦ
1174 1229 1489 1300 Σώκρατες;

393 1313 511 1368 ΣΩ.
584 1313 815 1384 Ώγαθέ,
857 1315 1156 1385 ἐννενόηκά
1193 1336 1247 1370 τι
1287 1325 1494 1387 σμῆνος
1533 1320 1746 1388 σοφίας.

391 1403 556 1456 ΕΡΜ.
636 1406 817 1457 Ποῖον
857 1405 925 1472 δὴ
965 1412 1153 1469 τοῦτο;

125 1498 211 1539 402
394 1490 510 1543 ΣΩ.
576 1493 806 1544 Γελοϊον
837 1489 938 1560 μὲν
969 1494 1116 1546 πάνυ
1147 1495 1338 1561 εἰπεῖν,
1373 1489 1524 1562 οἶμαι
1559 1491 1565 1565 Ι
1599 1493 1786 1563 μέντοι
1808 1496 1936 1548 τινὰ

242 1581 587 1648 πιθανότητα
626 1581 767 1648 ἔχον.

391 1666 557 1721 ΕΡΜ.
642 1670 779 1721 Τίνα
816 1669 1046 1737 ταύτην;

394 1754 511 1808 ΣΩ.
596 1756 708 1809 Τὸν
735 1753 1091 1826 “Ηράκλειτόν
1129 1777 1223 1827 μοι
1263 1760 1407 1812 δοκῶ
1447 1763 1699 1830 καθορᾶν
1737 1757 1928 1812 παλαί’

245 1845 377 1897 ἄττα
417 1845 565 1913 σοφὰ
604 1843 853 1912 λέγοντα,
894 1845 1130 1914 ἀτεχνῶς
1168 1846 1234 1899 τὰ
1274 1844 1362 1899 ἐπὶ
1393 1849 1617 1917 Κρόνου
1651 1845 1743 1900 καὶ
1766 1845 1933 1916 Ῥέας,

245 1931 279 1985 ἃ
317 1931 409 1986 καὶ
435 1930 676 2002 Ὅμηρος
713 1934 913 2000 ἔλεγεν.

390 2020 556 2075 ΕΡΜ.
636 2024 767 2083 Πῶς
804 2028 968 2075 τοῦτο
1010 2020 1207 2090 λέγεις;

393 2108 509 2162 Σῼ.
579 2108 746 2177 Λέγει
780 2127 890 2162 που
915 2108 1282 2186 Ἡράκλειτος,
1324 2111 1406 2164 ὅτι
1437 2111 1614 2164 πάντα
1646 2120 1814 2181 χωρεῖ
1839 2109 1932 2164 καὶ

245 2197 411 2251 οὐδὲν
443 2197 612 2266 μένει,
644 2196 735 2250 καὶ
765 2206 1014 2267 ποταμοῦ
1047 2198 1148 2268 ῥοῇ
1182 2198 1578 2263 ἀπεικάζων-τα
1611 2200 1742 2252 ὄντα
1766 2197 1931 2269 λέγει,

244 2286 317 2348 ὡς
357 2285 442 2348 δὶς
482 2286 535 2349 ἐς
574 2288 672 2340 τὸν
711 2287 881 2340 αὐτὸν
920 2288 1166 2355 ποταμὸν
1206 2287 1308 2340 οὐκ
1346 2285 1415 2339 ἂν
1454 2286 1692 2356 ἐμβαίης.

389 2374 555 2427 ΕΡΜ.
619 2373 773 2427 ’Ἐστι
812 2382 996 2427 ταῦτα.

171 2475 209 2519 Β
392 2461 507 2514 ΣΩ.
586 2464 657 2514 Τί
683 2461 808 2525 οὐν;
848 2463 1003 2514 δοκεῖ
1031 2475 1119 2514 σοι
1154 2461 1161 2532 Ι
1196 2461 1546 2531 ἀλλοιότερον
1571 2460 1930 2532 Ἡρακλείτου

241 2557 395 2603 νοεῖν
450 2549 479 2602 ὁ
534 2547 824 2617 τιθέμενος
878 2557 993 2611 τοῖς
1046 2557 1156 2601 τῶν
1211 2550 1393 2602 ἄλλων
1437 2554 1589 2602 θεῶν
1632 2552 1930 2620 προγόνοις

234 2636 386 2691 Ῥέαν
439 2656 495 2691 τε
548 2636 639 2690 καὶ
685 2639 932 2707 Κρόνον;
991 2633 1095 2706 ἆρα
1152 2641 1255 2690 οἴει
1311 2636 1414 2690 ἀπὸ
1469 2645 1568 2690 τοῦ
1616 2637 1929 2707 αὐτομάτου

243 2726 412 2779 αὐτὸν
460 2723 790 2795 ἀμφοτέροις
838 2725 1124 2795 ῥευμάτων
1170 2724 1412 2794 ὀνόματα
1456 2724 1687 2791 θε’σθαι;
1744 2726 1927 2797 ὥσπερ

243 2809 313 2867 αὗ
340 2812 578 2884 Ὅμηρος
614 2812 875 2866 Ὠκεανόν
919 2833 976 2866 τε
1023 2818 1173 2866 θεῶν
1219 2811 1435 2881 γένεσίν
1483 2828 1654 2883 φησιν
1698 2812 1790 2867 καὶ
1826 2834 1927 2883 μη-
