2020 3198
838 173 1081 218 ΦΑΙΔΩΝ.
1694 169 1799 223 139

112 288 345 346 πάντων
385 289 508 346 ἔσθ’
553 288 638 346 ὅτι
678 288 812 346 ἄλλο
859 290 1036 360 λέγεις
1083 288 1273 361 ἄρχειν
1317 285 1352 360 ἢ
1398 285 1584 358 ψυχὴν
1622 284 1803 353 ἄλλως

49 375 59 378 ’
113 397 177 432 τε
213 376 306 432 καὶ
346 377 668 450 φρόνιμον;’
702 375 825 433 εοὐκ
856 378 1060 447 ἔγωγε.’
1116 376 1371 448 “πότερον
1403 378 1803 448 συγχωροῦσαν

111 475 235 530 τοῖς
286 465 422 520 κατὰ
476 463 537 521 τὸ
594 468 751 536 σῶμα
804 464 1048 520 πάθεσιν
1109 461 1143 535 ἢ
1197 465 1290 519 καὶ
1344 464 1802 534 ἐναντιουμένην;

115 553 261 622 λέγω
295 553 357 608 δὲ
385 551 447 608 τὸ
479 552 718 623 τοιόνδε,
751 547 874 608 οἷον
905 552 1183 624 καύματος
1222 551 1449 616 ἐνόντος
1478 551 1571 606 καὶ
1603 555 1803 618 δίψους

120 640 209 696 ἐπὶ
246 637 581 696 τούναντίον
622 642 818 711 ἕλκειν,
855 639 918 696 τὸ
953 641 1027 711 μὴ
1059 646 1262 712 πίνειν,
1299 640 1393 695 καὶ
1429 645 1621 710 πείνης
1650 638 1803 694 ἐνού-

115 745 221 799 σης
260 728 347 784 ε’πὶ
385 726 447 784 τὸ
488 729 562 800 μὴ
605 730 844 799 ἐσθίειν,
889 729 980 784 καὶ
1028 726 1167 784 ἅλλα
1214 733 1384 800 μυρία
1428 749 1538 784 που
1585 725 1797 800 ὁρῶμεν

121 818 554 887 ἐναντιουμένην
591 815 693 888 τὴν
731 815 915 889 ψυχὴν
948 823 955 885 Ι
990 829 1105 883 τοῖς
1134 816 1270 872 κατὰ
1302 816 1364 873 τὸ
1399 819 1576 887 σῶμα·
1613 812 1649 886 ἢ
1689 812 1854 881 οὕςὈ

114 903 289 959 (πάνυ
334 904 436 975 μὲν
482 897 620 960 οὗν.’
699 902 929 960 “οὐκοῦν
982 898 1054 959 αὗ
1101 903 1535 976 ὡμολογήσαμεν
1581 905 1642 960 έν
1687 912 1805 967 τοῖς

114 991 372 1065 πρόσθεν
411 990 609 1063 μήποτ’
654 990 724 1048 ἂν
764 991 958 1063 αὐτήν,
996 990 1271 1065 ἁρμονίαν
1309 1013 1372 1063 γε
1412 985 1605 1061 οὖσαν,
1646 991 1803 1046 ἐναν-

120 1084 212 1134 τία
266 1078 426 1152 ᾄδειν
481 1074 565 1145 οἷς
617 1082 941 1136 ἐπιτείνοιτο
991 1080 1082 1135 καὶ
1132 1083 1344 1156 χαλςότο
1398 1080 1490 1135 καὶ
1539 1078 1802 1135 πάλλοιτο

121 1168 217 1223 καὶ
257 1167 392 1223 ἄλλο
427 1166 620 1224 ὁτιοῦν
649 1168 835 1234 πάθος
865 1168 1065 1240 πάσχοι
1099 1170 1304 1238 ἐκεῖνα,
1345 1169 1400 1234 ἐξ
1431 1160 1512 1223 ὧν
1543 1166 1804 1239 τυγχάνει

120 1250 282 1326 οὖσα,
305 1253 427 1311 ἀλλ’
456 1256 686 1311 ἕπεσθαι
711 1259 942 1320 ἐκείνοις
963 1256 1055 1311 καὶ
1080 1253 1270 1311 οὔποτ’
1299 1252 1372 1310 ἂν
1395 1253 1756 1326 ἡγεμονεύειν
1767 1255 1801 1322 ;'

123 1341 617 1414 (ὥμολογήσαμενξ
657 1348 786 1415 ἔφη·
834 1346 968 1408 επῶς
1004 1342 1111 1416 γὰρ
1151 1342 1260 1416 οὖς’
1301 1346 1378 1398 ετί
1410 1336 1539 1408 οὗν;
1583 1346 1692 1398 νῦν
1732 1341 1800 1398 οὐ

111 1436 232 1487 ’πᾶν
284 1430 614 1488 τούναντίον
674 1430 809 1503 ἡμῖν
870 1437 1126 1503 φαίνεται
1187 1432 1545 1502 ἐργαζομένη,
1606 1428 1803 1502 ἡγεμο-

121 1519 364 1576 νεύουσά
413 1540 472 1576 τε
522 1522 750 1576 ἐκείνων
796 1520 1048 1591 πάντων,
1096 1521 1151 1586 ἐξ
1189 1513 1270 1575 ὧν
1317 1524 1460 1591 φησί
1500 1542 1582 1584 τις
1628 1517 1802 1589 αὐτὴν

115 1605 291 1678 εἶναι,
345 1608 438 1664 καὶ
493 1609 888 1679 ἐναντιουμένη
944 1607 1139 1679 ὀλίγου
1191 1607 1371 1663 πάντα
1405 1609 1412 1680 Ι
1448 1606 1543 1663 διὰ
1596 1606 1858 1673 παντὸςΙ)

119 1697 222 1751 τοῦ
275 1699 405 1766 βίου
457 1696 550 1752 καὶ
605 1696 944 1764 δεσπόζουσα
998 1695 1210 1761 πάντας
1263 1695 1527 1768 τρόπους,
1577 1695 1644 1750 τὰ
1698 1695 1801 1766 μὲν

114 1785 503 1856 ,χαλεπώτερον
550 1784 859 1851 κολάζουσα
907 1785 1000 1840 καὶ
1050 1785 1162 1855 μετ’
1218 1781 1574 1855 ἀλγηδόνων,
1624 1782 1692 1839 τά
1743 1804 1803 1838 τε

120 1870 258 1926 κατὰ
296 1871 401 1942 τὴν
438 1871 816 1943 γυμναστικὴν
839 1872 931 1927 καὶ
953 1871 1056 1942 τὴν
1081 1870 1352 1943 ἰατρικήν,
1389 1870 1456 1926 τὰ
1482 1871 1544 1927 δὲ
1573 1871 1802 1946 πρᾳότε-

118 1981 243 2031 ρον,
281 1960 372 2014 καὶ
410 1958 477 2014 τὰ
514 1959 616 2030 μὲν
662 1958 989 2028 ἀπειλοῦσα,
1034 1958 1101 2016 τὰ
1146 1958 1211 2017 δὲ
1254 1961 1631 2030 νουθετοῦσα,
1683 1967 1802 2024 ταῖς

122 2048 441 2118 ἐπιθυμίαις
478 2047 570 2102 καὶ
610 2045 800 2118 ὀργαῖς
836 2047 927 2102 καὶ
967 2045 1166 2118 φόβοις
1204 2043 1278 2114 ὧς
1308 2046 1446 2118 ἄλλη
1479 2039 1624 2103 οὖσα
1651 2045 1804 2122 ἄλλῳ

122 2136 398 2207 πράγματι
430 2137 819 2207 διαλεγομένης
852 2131 974 2191 οἷόν
1006 2157 1116 2191 που
1145 2136 1236 2191 καὶ
1260 2134 1498 2209 Ὅμηρος
1529 2136 1589 2190 ἐν
1617 2133 1801 2190 Ὀδυσ-

118 2229 240 2297 σείᾳ
277 2227 593 2294 πεποίηκεν,
633 2216 703 2279 οὗ
742 2224 888 2294 λέγει
926 2222 1026 2279 τὸν
1061 2221 1343 2279 Ὀδυσσέα·

196 2313 404 2382 στῆθος
443 2311 503 2367 δὲ
541 2311 747 2382 πλήξας
783 2315 1021 2383 κραδίην
1059 2310 1298 2382 ἠνίπαπε
1336 2311 1524 2385 μύθῳ·

195 2399 422 2455 τέτλαθι
448 2399 536 2469 δή,
560 2403 781 2471 κραδίη·
814 2399 906 2454 καὶ
929 2398 1200 2470 κύντερον
1223 2397 1359 2454 ἄλλο
1384 2396 1498 2454 ποτ’
1529 2398 1536 2471 Ι
1557 2402 1726 2469 ἔτλης.
1815 2409 1855 2450 Ε

117 2479 213 2556 ἆρ’
265 2493 369 2542 οἴει
417 2485 591 2542 αὐτὸν
635 2490 808 2542 ταῦτα
854 2489 1082 2558 ποιῆσαι
1132 2486 1540 2557 διανοούμενον
1586 2484 1660 2550 ὥς
1705 2483 1802 2557 ἁρ-

120 2578 319 2645 μονίας
365 2571 535 2643 αὐτῆς
589 2571 760 2644 οὔσης
803 2573 896 2629 καὶ
943 2576 1062 2639 οἵας
1107 2572 1342 2644 ἄγεσθαι
1387 2570 1496 2628 ὑπὸ
1542 2575 1656 2628 τῶν
1700 2574 1803 2627 τοῦ

120 2661 370 2732 σώματος
417 2664 647 2731 παθῶν,
691 2659 815 2717 ἀλλ’
866 2659 968 2732 οὐχ
1016 2664 1136 2726 οἵας
1189 2659 1347 2731 ἄγειν
1391 2681 1449 2716 τε
1494 2663 1665 2715 ταῦτα
1708 2658 1802 2713 καὶ

117 2748 429 2819 δεσπόζειν,
481 2748 575 2803 καὶ
637 2747 806 2818 οὔσης
867 2747 1038 2819 αὐτῆς
1097 2747 1239 2803 πολὺ
1300 2748 1592 2818 θειοτέρου
1651 2747 1803 2811 τινὸς

114 2836 436 2909 πράγματος
474 2831 509 2905 ἢ
550 2834 679 2890 καθ’
725 2834 1046 2906 ἁρμονίαν;’
1087 2833 1176 2905 “νὴ
1222 2839 1362 2905 Δία,
1408 2828 1453 2889 ὦ
1493 2834 1801 2903 Σώκρατες,
