2020 3198
554 157 874 200 ΑΠΟΛΟΓΙΑ
902 156 1280 202 ΣΩΚΡΑΤΟΥΣ.
1682 154 1750 207 61

76 270 222 347 λόγῳ
261 271 601 343 ἠναντίωταί
619 294 727 344 μοι.
765 276 824 328 τί
843 265 948 328 οὖν
975 280 1153 328 αἴτιον
1177 270 1324 328 εἶναι
1347 270 1754 343 ὑπολαμβάνω;

22 418 33 422 ,
77 357 181 430 ἐγώ
237 357 371 431 ὑμῖν
425 362 555 432 ἐρῶ·
614 359 930 415 κινδυνεύει
989 359 1097 432 γάρ
1150 382 1245 431 μοι
1297 359 1360 415 τὸ
1417 358 1755 432 ξυμβεβηκὸς

74 450 238 503 τοῦτο
287 445 509 518 ἀγαθὸν
552 447 865 518 γεγονέναι,
917 447 1010 502 καὶ
1058 445 1160 503 οὐκ
1214 446 1338 503 ἔσθ’
1398 445 1546 513 ὅπως
1602 445 1755 519 ἡμεῖς

77 532 264 606 ὀρθῶς
301 533 791 606 ὑπολαμβάνομεν,
831 533 955 591 ὅσοι
994 534 1231 606 οἰόμεθα
1264 541 1271 603 1
1305 533 1477 590 κακὸν
1510 533 1653 591 εἶναι
1690 533 1752 591 τὸ
1773 543 1806 589 O

75 621 358 679 τεθνάναι.
405 623 543 694 μέγα
575 645 669 694 μοι
697 622 994 695 τεκμήριον
1023 622 1227 679 τούτου
1256 623 1508 693 γέγονεν·
1549 621 1618 678 ού
1647 621 1754 695 γὰρ

77 708 199 765 ἔσθ’
244 708 391 775 ὅπως
430 709 533 766 οὐκ
569 709 893 781 ἠναντιώθη
926 709 998 766 ἄν
1029 732 1124 782 μοι
1160 709 1222 766 τὸ
1266 707 1470 775 εἰωθὸς
1508 721 1755 781 σημεῖον,

78 801 129 853 εἰ
163 797 239 869 μή
277 818 330 852 τι
368 801 597 868 ἔμελλον
636 797 741 869 ἐγώ
782 796 1003 869 ἀγαθὸν
1041 798 1285 871 πράξειν.

223 887 445 942 XXXII.
486 884 871 958 Ἐννοήσωμεν
903 886 966 943 δὲ
995 886 1088 942 καὶ
1117 890 1266 959 τῇδε,
1301 884 1376 951 ὥς
1405 885 1582 957 πολλὴ
1609 888 1757 951 ἐλπίς

78 974 227 1029 ἐστιν
266 970 487 1044 ἀγαθὸν
533 973 669 1030 αὐτὸ
717 972 875 1030 εἶναι.
952 978 1114 1030 δυοῖν
1161 973 1268 1047 γὰρ
1313 974 1562 1047 θάτερόν
1608 976 1757 1030 ἐστιν

77 1059 138 1116 τὸ
178 1060 470 1117 τεθνάναι·
508 1058 544 1133 ἢ
583 1061 690 1135 γὰρ
732 1057 855 1118 οἷον
894 1062 1068 1133 μηδὲν
1115 1059 1259 1117 εἶναι
1305 1061 1445 1133 μηδὲ
1491 1068 1757 1132 αἴσθησιν

80 1151 353 1220 μηδεμίαν
408 1148 647 1220 μηδενὸς
700 1153 844 1221 ἔχειν
901 1148 1002 1205 τὸν
1062 1151 1364 1219 τεθνεῶτα,
1426 1146 1461 1220 ἢ
1507 1147 1644 1204 κατὰ
1690 1147 1757 1204 τὰ

80 1237 350 1309 λεγόμενα
388 1237 660 1308 μεταβολή
704 1257 786 1303 τις
822 1237 1080 1308 τυγχάνει
1126 1230 1269 1293 οὖσα
1312 1237 1405 1292 καὶ
1451 1241 1760 1307 μετοίκησις

79 1328 145 1398 τῇ
185 1329 333 1398 ψυχῇ
373 1328 473 1381 τοῦ
510 1325 687 1382 τόπου
722 1328 824 1382 τοῦ
865 1326 1097 1382 ἐνθένδε
1129 1328 1207 1390 εἰς
1237 1324 1410 1381 ἄλλον
1440 1324 1628 1380 τόπον.
1667 1323 1760 1379 καὶ

82 1419 189 1468 εἴτε
212 1417 450 1484 μηδεμία
481 1418 741 1484 αἴσθησίς
772 1415 947 1484 ἐστιν,
979 1411 1102 1469 ἀλλ’
1126 1413 1134 1487 Ι
1155 1408 1278 1469 οἷον
1309 1412 1503 1483 ὕπνος,
1535 1412 1817 1469 ἐπειδάνΙ)

80 1521 163 1565 τις
191 1499 491 1556 καθεύδων
523 1499 651 1571 μηδ’
689 1499 828 1574 ὄναρ
855 1500 1029 1572 μηδὲν
1063 1498 1187 1574 ὁρᾷ,
1219 1499 1542 1572 θαυμάσιον
1565 1502 1761 1571 κέρδος

82 1584 155 1643 ἂν
194 1594 278 1659 εἴη
319 1585 349 1644 ὁ
388 1587 649 1655 θάνατος.
690 1588 794 1659 ἐγώ
834 1588 942 1661 γὰρ
982 1585 1053 1644 ἂν
1087 1586 1257 1660 οἶμαι,
1297 1591 1351 1644 εἰ
1383 1609 1510 1644 τινα
1548 1586 1761 1654 ἐκλεξά-

83 1697 253 1747 μενον
293 1676 410 1732 δέοι
446 1675 654 1746 ταύτην
684 1675 786 1746 τὴν
816 1676 1015 1747 νύκτα,
1056 1678 1117 1732 ἐν
1154 1669 1192 1748 ᾖ
1225 1674 1369 1732 οὕτω
1401 1676 1762 1749 κατέδαρθεν,

84 1762 222 1820 ὥστε
260 1763 399 1835 μηδὲ
438 1762 577 1836 ὄναρ
618 1767 786 1834 ἰδεῖν,
831 1764 925 1819 καὶ
969 1762 1066 1829 τὰς
1105 1762 1275 1830 ἄλλας
1318 1763 1523 1829 νύκτας
1565 1785 1624 1819 τε
1668 1763 1761 1818 καὶ

85 1850 288 1924 ἡμέρας
315 1850 413 1915 τὰς
442 1854 543 1907 τοῦ
574 1855 703 1921 βίου
732 1855 833 1907 τοῦ
873 1852 1073 1907 ἑαυτοῦ
1113 1849 1560 1923 ἆντιπαραθέντα
1589 1850 1760 1922 ταύτῃ

85 1942 149 2012 τῇ
187 1938 346 1994 νυκτὶ
385 1938 503 1993 δεόι
541 1938 888 2009 σκεψάμενον
936 1942 1133 2007 εἰπεῖν,
1173 1938 1347 2004 πόσας
1393 1937 1625 2009 ἄμεινον
1669 1938 1763 1993 καὶ

87 2025 248 2097 ἥδιον
286 2023 490 2097 ἡμέρας
525 2026 618 2080 καὶ
654 2025 859 2091 νύκτας
896 2025 1098 2097 ταύτης
1127 2030 1224 2097 τῆς
1260 2025 1460 2091 νυκτὸς
1498 2030 1763 2097 βεβίωκεν

89 2116 147 2170 ἐν
199 2117 274 2190 τῷ
331 2114 529 2168 ἑαυτοῦ
583 2118 713 2189 βίῳ,
768 2112 920 2184 οἶμαι
965 2110 1038 2168 ἂν
1087 2112 1161 2184 μὴ
1211 2112 1296 2168 ὅτι
1343 2113 1573 2185 ἰδιώτην
1618 2112 1762 2184 τινά,

90 2199 226 2257 ἀλλὰ
279 2199 379 2256 τὸν
431 2201 604 2272 μέγαν
664 2201 891 2271 βασιλέα
933 2205 940 2268 Ι
982 2199 1391 2272 εὐαριθμήτους
1453 2198 1525 2256 ἂν
1579 2199 1820 2274 εὑρεῖνΕ

0 2293 1 2299 ’
88 2288 259 2345 αὐτὸν
296 2287 498 2354 ταύτας
535 2288 673 2361 πρὸς
709 2288 807 2354 τὰς
845 2287 1015 2354 ἄλλας
1052 2286 1257 2361 ἡμέρας
1294 2288 1387 2344 καὶ
1425 2287 1641 2354 νύκτας.
1718 2291 1768 2343 εἰ

89 2370 193 2433 οὖν
241 2380 498 2433 τοιοῦτον
548 2374 578 2433 ὁ
629 2375 878 2441 θάνατός
923 2378 1098 2447 ἐστιν,
1147 2378 1343 2449 κέρδος
1390 2380 1561 2447 ἔγωγε
1599 2378 1766 2447 λέγω·

86 2464 178 2518 καὶ
216 2463 322 2536 γὰρ
372 2462 540 2520 οὐδὲν
586 2468 790 2519 πλείων
838 2462 867 2519 ὁ
917 2467 1023 2529 πᾶς
1068 2463 1271 2535 χρόνος
1316 2468 1574 2535 φαίνεται
1620 2463 1765 2520 οὕτω

89 2550 159 2621 δὴ
199 2552 336 2606 εἶναι
375 2549 411 2622 ἢ
451 2555 549 2622 μία
585 2550 701 2617 νύξ.
757 2554 807 2606 εἰ
845 2548 897 2606 δ’
949 2544 1021 2606 αὖ
1062 2546 1186 2607 οἷον
1225 2550 1585 2623 ἀποδημῆσαί
1619 2554 1768 2607 ἐστιν

89 2636 120 2694 ὁ
159 2637 404 2702 θάνατος
444 2639 676 2694 ἐνθένδε
716 2642 793 2704 εἰς
823 2637 995 2694 ἄλλον
1025 2638 1226 2710 τόπον,
1265 2639 1358 2694 καὶ
1399 2638 1585 2709 ἀληθῆ
1619 2640 1768 2694 ἐστιν

88 2724 155 2781 τὰ
194 2725 488 2796 λεγόμενα,
529 2723 603 2791 ὥς
640 2725 750 2798 ἄρα
782 2728 894 2782 ἐκεῖ
922 2730 1063 2782 εἰσιν
1095 2724 1332 2792 ἅπαντες
1365 2729 1423 2783 οἰ
1451 2728 1768 2794 τεθνεῶτες,

89 2817 147 2868 τί
180 2818 364 2883 μεῖζον
402 2810 623 2882 ἀγαθὸν
660 2813 863 2869 τούτου
901 2820 985 2884 εἴη
1026 2811 1122 2883 ἄν,
1163 2807 1206 2869 ὦ
1248 2813 1451 2883 ἄνδρες
1490 2816 1767 2875 δικασταί;
