2020 3198
259 160 325 213 78
926 162 1263 206 ΠΛΑΤῼΝΟΣ

257 276 325 333 οὐ
350 275 590 333 δίκαια“
560 281 705 349 ἡμᾶς
737 279 1023 351 ἐπιχειρεῖς
1055 283 1199 351 δρᾶν
1230 277 1266 335 ἃ
1299 283 1408 336 νῦν
1434 283 1733 355 ἐπιχειρεῖς.
1784 281 1945 356 ἡμεῖς
2011 312 2020 387 3

254 364 362 439 γάρ
395 381 457 422 σε
485 365 879 474 γεννήσαντες,
912 368 1307 440 ἐκθρέψαντες,
1338 369 1752 442 παιδεύσαντες,
1784 392 1942 443 μετα-
2015 397 2020 420 ÷

257 453 449 520 δόντες
487 452 752 512 ἁπάντων
793 448 874 512 ὦν
915 449 1033 512 οἷοί
1073 455 1120 511 τ’
1163 449 1304 528 ἡμεν
1342 461 1529 514 καλῶν
1568 459 1660 515 σοὶ
1695 460 1789 516 καὶ
1825 472 1942 528 τοῖς

198 542 263 616 D}
293 541 483 608 ἄλλοις
511 545 682 599 πᾶσιν
714 548 982 614 πολίταις,
1023 543 1171 615 ὅμως
1201 545 1654 618 προαγορεύομεν
1682 552 1759 624 τῷ
1791 551 1941 616 ἐξου-

257 635 385 686 σίαν
431 632 786 703 πεποιηκέναι
826 630 1144 703 Ἀθηναίων
1189 637 1265 708 τῷ
1314 636 1662 710 βουλομένῳ,
1716 638 1941 695 ἐπειδὰν

256 722 572 793 δοκιμασθῇ
610 720 703 776 καὶ
743 724 835 793 ῖδῃ
876 720 942 777 τὰ
977 724 1037 777 ἐν
1067 725 1132 795 τῇ
1165 721 1323 778 πόλει
1353 723 1646 796 πράγματα
1675 725 1768 780 καὶ
1798 723 1943 798 ἡμᾶς

254 806 383 875 τοὺς
419 808 656 881 νόμους,
705 801 749 884 ᾦ
789 804 861 864 ἂν
901 808 974 881 μὴ
1022 808 1343 882 ἀρέσκωμεν
1381 809 1562 882 ἡμεῖς,
1610 813 1811 879 ἐξεῖναι
1848 821 1942 871 λα-

255 896 430 966 βόντα
459 896 526 952 τὰ
560 895 735 954 αὑτοῦ
767 895 990 954 ἀπιέναι
1030 896 1159 954 ὅποι
1190 895 1261 954 ἄν
1292 899 1573 971 βούληται.
1633 903 1726 957 καὶ
1758 901 1944 970 οὐδεὶς
2013 922 2020 958 ἰ

255 983 414 1057 ἡμῶν
437 988 551 1042 τῶν
584 985 774 1057 νόμων
808 985 1065 1057 ἐμποδών
1098 988 1247 1043 ἐστιν
1281 986 1404 1044 οὐδ’
1441 987 1792 1063 ἀπαγορεύει,
1819 991 1943 1048 ἐάν-

253 1096 312 1130 τε
349 1095 431 1140 τις
468 1075 738 1146 βούληται
775 1072 936 1146 ὑμῶν
976 1079 1053 1141 είς
1093 1075 1354 1132 ἀποικίαν
1402 1078 1573 1150 ἰέναι,
1619 1082 1670 1134 εἰ
1706 1077 1780 1151 μὴ
1820 1078 1944 1153 ἀρέ-
2017 1122 2018 1125 ¹

256 1179 482 1234 σκοιμεν
521 1160 679 1235 ἡμεῖς
715 1185 774 1219 τε
810 1163 904 1218 καὶ
941 1161 976 1234 ἡ
1013 1165 1196 1234 πόλις,
1237 1164 1394 1221 ε’ἀντε
1432 1177 1703 1236 μετοικεῖν
1742 1166 1947 1225 ἄλλοσέ

254 1272 350 1308 ποι
390 1251 594 1323 ἐλθών,
635 1253 779 1308 ἰέναι
820 1254 992 1308 ἐκεῖσε
1032 1251 1160 1308 ὅποι
1199 1249 1270 1308 ἂν
1308 1253 1600 1326 βούληται,
1640 1260 1838 1327 ἔχοντα
1874 1258 1942 1314 τὰ

199 1338 445 1396 Εαὺτοῦ.
523 1338 584 1406 ὃς
624 1338 676 1396 δ’
719 1337 791 1396 ἂν
826 1340 835 1415 Ι
869 1338 1031 1411 ὑμῶν
1070 1346 1400 1414 παραμείνῃ,
1443 1340 1593 1414 ὁρῶν
1633 1340 1702 1400 ὃν
1734 1345 1944 1419 τρόπον

254 1428 411 1501 ἡμεῖς
461 1428 560 1495 τοὶς
611 1449 670 1484 τε
725 1432 881 1494 δίκας
929 1428 1222 1500 δικάζομεν
1274 1430 1366 1485 καὶ
1412 1423 1585 1486 τᾶλλα
1629 1430 1732 1503 τὴν
1778 1434 1940 1492 πόλιν

256 1521 603 1588 διοικοῦμεν,
666 1516 774 1588 ήδη
838 1517 1021 1588 φαμὲν
1075 1520 1275 1573 τοῦτον
1330 1515 1746 1590 ὡμολογηκέναι
1800 1526 1942 1599 ἔργῳ

256 1604 389 1678 ἡμῖν
428 1602 463 1661 ἃ
502 1602 574 1661 ἂν
612 1602 769 1676 ἡμεῖς
806 1604 1116 1677 κελεύωμεν
1162 1605 1416 1676 ποιήσειν
1462 1610 1658 1679 ταῦτα,
1703 1610 1796 1665 καὶ
1842 1611 1944 1668 τὸν

256 1693 330 1767 μὴ
370 1693 709 1765 πειθόμενον
748 1697 905 1767 τριχῇ
945 1715 1128 1765 φαμεν
1168 1692 1402 1764 ἀδικεῖν,
1443 1693 1528 1750 ὅτι
1565 1717 1623 1752 τε
1652 1710 1945 1770 γεννηταῖς

258 1776 421 1839 οὖσιν
467 1780 601 1854 ἡμῖν
649 1780 718 1839 οὐ
765 1787 1041 1853 πείθεται,
1095 1781 1188 1837 καὶ
1236 1781 1321 1838 ὅτι
1369 1787 1663 1856 τροφεῦσι,
1719 1787 1812 1842 καὶ
1859 1786 1943 1844 ὅτι

257 1868 604 1942 ὁμολογήσας
642 1868 777 1943 ἡμῖν
816 1875 1116 1926 πείθεσθαι
1157 1869 1284 1926 οὔτε
1319 1875 1569 1927 πείθεται
1602 1871 1731 1930 οὔτε
1760 1880 1944 1932 πείθει

184 1970 238 2011 52
254 1957 423 2031 ἡμᾶς,
471 1962 522 2015 εί
558 1957 632 2031 μὴ
682 1962 864 2024 καλῶς
899 1980 953 2013 τι
990 1961 1279 2030 ποιοῦμεν,
1315 1959 1324 2033 Ι
1358 1961 1740 2032 προτιθέντων
1784 1961 1943 2035 ἡμῶν

255 2049 348 2103 καὶ
388 2046 490 2103 οὐκ
529 2045 735 2120 ἀγρίως
775 2046 1176 2104 ἐπιταττόντων
1215 2058 1396 2103 ποιεῖν
1436 2046 1472 2103 ἃ
1511 2045 1583 2104 ἀν
1613 2050 1942 2124 κελεύωμεν,

256 2133 396 2191 ἀλλὰ
431 2137 700 2206 ἐφιέντων
734 2139 896 2191 δυοῖν
927 2134 1157 2208 θάτερα,
1189 2132 1223 2206 ἢ
1257 2140 1474 2192 πείθειν
1505 2135 1648 2208 ἡμᾶς
1677 2135 1713 2209 ἢ
1744 2150 1943 2211 ποιεῖν,

255 2223 469 2279 τούτων
511 2223 774 2296 οὐδέτερα
812 2234 973 2279 ποιεῖ.

404 2314 547 2368 XIV.
599 2310 837 2377 Ταύταις
868 2311 937 2382 δή
971 2334 1153 2383 φαμεν
1184 2311 1277 2366 καὶ
1310 2313 1387 2382 σε’,
1422 2305 1465 2367 c5
1491 2312 1801 2385 Σώκρατες,
1825 2326 1944 2382 ταῖς
2015 2355 2020 2357 -

258 2403 457 2464 αἰτίαις
497 2400 806 2470 ἐνέξεσθαι,
848 2407 998 2472 εἴπερ
1038 2399 1286 2471 ποιήσεις
1325 2398 1360 2455 δι’
1404 2402 1664 2470 ἐπινοεῖς,
1708 2402 1801 2457 καὶ
1841 2401 1943 2475 οὐχ

256 2486 451 2559 ἥκιστα
492 2486 810 2559 Ἀθηναίων
850 2488 927 2559 σε’,
969 2486 1094 2543 ἀλλ’
1141 2490 1200 2544 ἐν
1238 2498 1354 2553 τοῖς
1401 2486 1672 2558 μάλιστα.’
1750 2492 1801 2545 εί
1828 2484 1943 2546 ὀῦν

259 2575 363 2647 ἐγὼ
406 2582 633 2646 εἴποιμι·
677 2574 788 2631 (διὰ
827 2580 885 2631 τί
927 2575 1043 2646 δή;’
1085 2583 1216 2641 ἴσως
1266 2573 1338 2630 ἄν
1387 2597 1496 2646 μου
1545 2578 1770 2642 δικαίως
1805 2586 1944 2633 καθ-

257 2663 518 2719 ἀπτοιντο
552 2664 820 2734 λέγοντες,
856 2661 959 2719 Ἥτι
993 2665 1051 2719 ἐν
1084 2674 1199 2729 τοῖς
1230 2663 1465 2734 μάλιστα
1492 2662 1807 2736 Ἀθηναίων
1836 2664 1941 2737 ἐγώ

259 2749 447 2817 αὐτοῖς
487 2748 855 2822 ὡμολογηκώς
900 2750 1154 2823 τυγχάνω
1201 2750 1408 2823 ταύτην
1457 2750 1560 2823 τὴν
1607 2751 1943 2824 ὁμολογίαν.’

205 2848 425 2911 Βφαῖεν
470 2837 576 2912 γὰρ
624 2836 696 2894 ἄν
745 2837 829 2894 ὅτι
875 2832 939 2894 ‘03
989 2838 1305 2911 Σώκρατες,
1353 2839 1565 2911 μεγάλα
1610 2838 1744 2912 ἡμῖν
1778 2840 1789 2914 Ι
1819 2839 1945 2897 τού-
