<?xml version="1.0" encoding="UTF-8"?>
<!DOCTYPE html PUBLIC "-//W3C//DTD XHTML 1.0 Transitional//EN"
    "http://www.w3.org/TR/xhtml1/DTD/xhtml1-transitional.dtd">
<html xmlns="http://www.w3.org/1999/xhtml" xml:lang="en" lang="en">
 <head>
  <title>
</title>
<meta http-equiv="Content-Type" content="text/html;charset=utf-8" />
  <meta name='ocr-system' content='tesseract 3.04.00' />
  <meta name='ocr-capabilities' content='ocr_page ocr_carea ocr_par ocr_line ocrx_word'/>
</head>
<body>
  <div class='ocr_page' id='page_1' title='image "./p1dialogisecumdu01platuoft_0142.png"; bbox 0 0 2020 3198; ppageno 0'>
   <div class='ocr_carea' id='block_1_1' title="bbox 172 0 2020 2899">
    <p class='ocr_par' dir='ltr' id='par_1_1' title="bbox 240 0 2020 438">
     <span class='ocr_line' id='line_1_1' title="bbox 240 0 2020 348; baseline 0.003 -155"><span class='ocrx_word' id='word_1_1' title='bbox 240 151 312 203; x_wconf 85' lang='grc'><em>96</em></span> <span class='ocrx_word' id='word_1_2' title='bbox 912 153 1251 196; x_wconf 74' lang='grc' dir='ltr'><strong>ΠΛΑΤΩΝΟΣ</strong></span> <span class='ocrx_word' id='word_1_3' title='bbox 1965 0 2020 348; x_wconf 52' lang='grc'>1</span> 
     </span>
     <span class='ocr_line' id='line_1_2' title="bbox 242 265 1927 342; baseline 0.002 -19"><span class='ocrx_word' id='word_1_4' title='bbox 242 267 440 339; x_wconf 81' lang='grc' dir='ltr'><em>ἐφήψω</em></span> <span class='ocrx_word' id='word_1_5' title='bbox 481 266 691 337; x_wconf 68' lang='grc' dir='ltr'><em>αύτῶνς</em></span> <span class='ocrx_word' id='word_1_6' title='bbox 731 269 871 340; x_wconf 85' lang='grc' dir='ltr'><em>λέγω</em></span> <span class='ocrx_word' id='word_1_7' title='bbox 912 268 975 325; x_wconf 90' lang='grc' dir='ltr'><em>δε</em></span> <span class='ocrx_word' id='word_1_8' title='bbox 1012 270 1137 341; x_wconf 82' lang='grc' dir='ltr'><em>περὶ</em></span> <span class='ocrx_word' id='word_1_9' title='bbox 1183 269 1432 340; x_wconf 86' lang='grc' dir='ltr'><em>πάντων,</em></span> <span class='ocrx_word' id='word_1_10' title='bbox 1482 265 1606 326; x_wconf 83' lang='grc' dir='ltr'><em>οἷον</em></span> <span class='ocrx_word' id='word_1_11' title='bbox 1653 271 1927 342; x_wconf 84' lang='grc' dir='ltr'><em>μεγέθους</em></span> 
     </span>
     <span class='ocr_line' id='line_1_3' title="bbox 241 353 1926 435; baseline 0.002 -24"><span class='ocrx_word' id='word_1_12' title='bbox 241 356 384 428; x_wconf 85' lang='grc' dir='ltr'><em>πέρι,</em></span> <span class='ocrx_word' id='word_1_13' title='bbox 422 353 651 427; x_wconf 78' lang='grc' dir='ltr'><em>ὑγιείας,</em></span> <span class='ocrx_word' id='word_1_14' title='bbox 691 356 905 429; x_wconf 80' lang='grc' dir='ltr'><em>ἰσχύος,</em></span> <span class='ocrx_word' id='word_1_15' title='bbox 944 357 1036 412; x_wconf 87' lang='grc' dir='ltr'><em>καὶ</em></span> <span class='ocrx_word' id='word_1_16' title='bbox 1074 360 1187 413; x_wconf 76' lang='grc' dir='ltr'><em>τῶν</em></span> <span class='ocrx_word' id='word_1_17' title='bbox 1227 355 1411 413; x_wconf 73' lang='grc' dir='ltr'><em>ἄλλων</em></span> <span class='ocrx_word' id='word_1_18' title='bbox 1443 358 1527 414; x_wconf 79' lang='grc' dir='ltr'><em>ἑνὶ</em></span> <span class='ocrx_word' id='word_1_19' title='bbox 1562 357 1713 435; x_wconf 85' lang='grc' dir='ltr'><em>λόγω</em></span> <span class='ocrx_word' id='word_1_20' title='bbox 1753 357 1926 415; x_wconf 81' lang='grc' dir='ltr'><em>ἆπάν-</em></span> 
     </span>
    </p>

    <p class='ocr_par' dir='ltr' id='par_1_2' title="bbox 185 440 2020 1226">
     <span class='ocr_line' id='line_1_4' title="bbox 185 440 2020 520; baseline 0.003 -21"><span class='ocrx_word' id='word_1_21' title='bbox 185 453 352 499; x_wconf 87' lang='grc' dir='ltr'><em>Ετων</em></span> <span class='ocrx_word' id='word_1_22' title='bbox 391 447 488 516; x_wconf 84' lang='grc' dir='ltr'><em>τῆς</em></span> <span class='ocrx_word' id='word_1_23' title='bbox 520 442 729 516; x_wconf 83' lang='grc' dir='ltr'><em>οὐσίας,</em></span> <span class='ocrx_word' id='word_1_24' title='bbox 762 442 793 501; x_wconf 78' lang='grc' dir='ltr'><em>ὃ</em></span> <span class='ocrx_word' id='word_1_25' title='bbox 825 445 837 514; x_wconf 79' lang='lat' dir='ltr'>l</span> <span class='ocrx_word' id='word_1_26' title='bbox 869 445 1130 517; x_wconf 79' lang='grc' dir='ltr'><em>τυγχάνει</em></span> <span class='ocrx_word' id='word_1_27' title='bbox 1167 447 1399 502; x_wconf 79' lang='grc' dir='ltr'><em>ἕκαστον</em></span> <span class='ocrx_word' id='word_1_28' title='bbox 1432 465 1520 502; x_wconf 91' lang='grc' dir='ltr'><em>ον·</em></span> <span class='ocrx_word' id='word_1_29' title='bbox 1559 440 1668 520; x_wconf 82' lang='grc' dir='ltr'><em>ἀρα</em></span> <span class='ocrx_word' id='word_1_30' title='bbox 1700 446 1793 503; x_wconf 81' lang='grc' dir='ltr'><em>διὰ</em></span> <span class='ocrx_word' id='word_1_31' title='bbox 1824 451 1926 504; x_wconf 86' lang='grc' dir='ltr'><em>τοῦ</em></span> <span class='ocrx_word' id='word_1_32' title='bbox 2014 443 2020 494; x_wconf 72' lang='lat' dir='ltr'>f</span> 
     </span>
     <span class='ocr_line' id='line_1_5' title="bbox 244 529 1926 607; baseline 0.002 -18"><span class='ocrx_word' id='word_1_33' title='bbox 244 532 496 604; x_wconf 76' lang='grc' dir='ltr'><em>σώματος</em></span> <span class='ocrx_word' id='word_1_34' title='bbox 549 532 736 590; x_wconf 71' lang='grc' dir='ltr'><em>αὐτῶν</em></span> <span class='ocrx_word' id='word_1_35' title='bbox 795 533 858 590; x_wconf 91' lang='grc' dir='ltr'><em>τὸ</em></span> <span class='ocrx_word' id='word_1_36' title='bbox 914 533 1297 606; x_wconf 86' lang='grc' dir='ltr'><em>ἀληθέστατον</em></span> <span class='ocrx_word' id='word_1_37' title='bbox 1349 543 1670 607; x_wconf 75' lang='grc' dir='ltr'><em>θεωρεῖται,</em></span> <span class='ocrx_word' id='word_1_38' title='bbox 1725 532 1761 607; x_wconf 83' lang='grc' dir='ltr'>ἢ</span> <span class='ocrx_word' id='word_1_39' title='bbox 1812 529 1926 592; x_wconf 68' lang='grc' dir='ltr'><em>Ιὦδε</em></span> 
     </span>
     <span class='ocr_line' id='line_1_6' title="bbox 245 619 1927 697; baseline 0.002 -20"><span class='ocrx_word' id='word_1_40' title='bbox 245 625 376 693; x_wconf 84' lang='grc' dir='ltr'><em>ἔχει·</em></span> <span class='ocrx_word' id='word_1_41' title='bbox 431 619 492 688; x_wconf 82' lang='grc' dir='ltr'><em>ὃς</em></span> <span class='ocrx_word' id='word_1_42' title='bbox 544 619 616 679; x_wconf 74' lang='grc' dir='ltr'><em>ἂν</em></span> <span class='ocrx_word' id='word_1_43' title='bbox 670 621 906 693; x_wconf 88' lang='grc' dir='ltr'><em>μάλιστα</em></span> <span class='ocrx_word' id='word_1_44' title='bbox 963 620 1122 693; x_wconf 71' lang='grc' dir='ltr'><em>ἡμῶν</em></span> <span class='ocrx_word' id='word_1_45' title='bbox 1183 624 1273 678; x_wconf 81' lang='grc' dir='ltr'><em>καὶ</em></span> <span class='ocrx_word' id='word_1_46' title='bbox 1329 620 1691 697; x_wconf 81' lang='grc' dir='ltr'><em>ἀκριβέστατα</em></span> <span class='ocrx_word' id='word_1_47' title='bbox 1754 645 1927 697; x_wconf 84' lang='grc' dir='ltr'><em>παρα-</em></span> 
     </span>
     <span class='ocr_line' id='line_1_7' title="bbox 245 705 1927 784; baseline 0.002 -19"><span class='ocrx_word' id='word_1_48' title='bbox 245 709 577 781; x_wconf 88' lang='grc' dir='ltr'><em>σκευάσηται</em></span> <span class='ocrx_word' id='word_1_49' title='bbox 609 708 743 766; x_wconf 84' lang='grc' dir='ltr'><em>αὐτὸ</em></span> <span class='ocrx_word' id='word_1_50' title='bbox 778 712 1008 766; x_wconf 80' lang='grc' dir='ltr'><em>ἕκαστον</em></span> <span class='ocrx_word' id='word_1_51' title='bbox 1041 714 1420 783; x_wconf 80' lang='grc' dir='ltr'><em>διανοηθῆναι</em></span> <span class='ocrx_word' id='word_1_52' title='bbox 1452 713 1576 784; x_wconf 84' lang='grc' dir='ltr'><em>περὶ</em></span> <span class='ocrx_word' id='word_1_53' title='bbox 1617 705 1687 768; x_wconf 79' lang='grc' dir='ltr'><em>οὗ</em></span> <span class='ocrx_word' id='word_1_54' title='bbox 1713 723 1927 784; x_wconf 76' lang='grc' dir='ltr'><em>σκοπεῖ,</em></span> 
     </span>
     <span class='ocr_line' id='line_1_8' title="bbox 244 798 1928 906; baseline 0.002 -52"><span class='ocrx_word' id='word_1_55' title='bbox 244 800 408 864; x_wconf 79' lang='grc' dir='ltr'><em>οὗτος</em></span> <span class='ocrx_word' id='word_1_56' title='bbox 447 820 518 854; x_wconf 90' lang='grc' dir='ltr'><em>αν</em></span> <span class='ocrx_word' id='word_1_57' title='bbox 568 798 836 869; x_wconf 82' lang='grc' dir='ltr'><em>ἐγγύτατα</em></span> <span class='ocrx_word' id='word_1_58' title='bbox 883 805 960 855; x_wconf 85' lang='grc' dir='ltr'><em>ἰόι</em></span> <span class='ocrx_word' id='word_1_59' title='bbox 1006 803 1106 855; x_wconf 86' lang='grc' dir='ltr'><em>τοῦ</em></span> <span class='ocrx_word' id='word_1_60' title='bbox 1151 803 1367 906; x_wconf 77' lang='grc' dir='ltr'><em>γνῶναι</em></span> <span class='ocrx_word' id='word_1_61' title='bbox 1414 801 1697 868; x_wconf 70' lang='grc' dir='ltr'><em>ἕκαστονῇ</em></span> <span class='ocrx_word' id='word_1_62' title='bbox 1753 800 1928 857; x_wconf 88' lang='grc' dir='ltr'><em>πάνυ</em></span> 
     </span>
     <span class='ocr_line' id='line_1_9' title="bbox 243 878 1928 961; baseline 0.003 -20"><span class='ocrx_word' id='word_1_63' title='bbox 243 909 345 958; x_wconf 86' lang='grc' dir='ltr'><em>μεν</em></span> <span class='ocrx_word' id='word_1_64' title='bbox 385 878 525 942; x_wconf 60' lang='grc' dir='ltr'><em>οὖν’</em></span> <span class='ocrx_word' id='word_1_65' title='bbox 566 879 682 958; x_wconf 52' lang='lat' dir='ltr'><em>‘EQ&#39;</em></span> <span class='ocrx_word' id='word_1_66' title='bbox 735 880 839 943; x_wconf 77' lang='grc' dir='ltr'><em>οὖν</em></span> <span class='ocrx_word' id='word_1_67' title='bbox 887 889 1095 953; x_wconf 81' lang='grc' dir='ltr'><em>ἐκεῖνος</em></span> <span class='ocrx_word' id='word_1_68' title='bbox 1141 884 1214 943; x_wconf 73' lang='grc' dir='ltr'><em>ἂν</em></span> <span class='ocrx_word' id='word_1_69' title='bbox 1258 892 1423 944; x_wconf 87' lang='grc' dir='ltr'><em>τοῦτο</em></span> <span class='ocrx_word' id='word_1_70' title='bbox 1472 889 1719 961; x_wconf 87' lang='grc' dir='ltr'><em>ποιήσειε</em></span> <span class='ocrx_word' id='word_1_71' title='bbox 1755 897 1928 946; x_wconf 84' lang='grc' dir='ltr'><em>καθα-</em></span> 
     </span>
     <span class='ocr_line' id='line_1_10' title="bbox 244 973 1922 1053; baseline 0.003 -24"><span class='ocrx_word' id='word_1_72' title='bbox 244 973 484 1046; x_wconf 77' lang='grc' dir='ltr'><em>ρώτατα,</em></span> <span class='ocrx_word' id='word_1_73' title='bbox 541 973 691 1042; x_wconf 84' lang='grc' dir='ltr'><em>ὅστις</em></span> <span class='ocrx_word' id='word_1_74' title='bbox 745 973 829 1032; x_wconf 81' lang='grc' dir='ltr'><em>ὅτι</em></span> <span class='ocrx_word' id='word_1_75' title='bbox 875 975 1111 1047; x_wconf 91' lang='grc' dir='ltr'><em>μάλιστα</em></span> <span class='ocrx_word' id='word_1_76' title='bbox 1155 975 1294 1049; x_wconf 75' lang='grc' dir='ltr'><em>αὐτῇ</em></span> <span class='ocrx_word' id='word_1_77' title='bbox 1340 980 1406 1050; x_wconf 79' lang='grc' dir='ltr'><em>τῇ</em></span> <span class='ocrx_word' id='word_1_78' title='bbox 1455 980 1679 1053; x_wconf 74' lang='grc' dir='ltr'><em>διανοίᾳ</em></span> <span class='ocrx_word' id='word_1_79' title='bbox 1717 984 1795 1034; x_wconf 80' lang='grc' dir='ltr'><em>ἴοι</em></span> <span class='ocrx_word' id='word_1_80' title='bbox 1834 975 1922 1050; x_wconf 81' lang='grc' dir='ltr'><em>ἐφ’</em></span> 
     </span>
     <span class='ocr_line' id='line_1_11' title="bbox 244 1062 1930 1143; baseline 0.002 -25"><span class='ocrx_word' id='word_1_81' title='bbox 244 1063 493 1133; x_wconf 69' lang='grc' dir='ltr'><em>ἕκαστον,</em></span> <span class='ocrx_word' id='word_1_82' title='bbox 533 1062 667 1135; x_wconf 85' lang='grc' dir='ltr'><em>μήτε</em></span> <span class='ocrx_word' id='word_1_83' title='bbox 704 1062 807 1135; x_wconf 86' lang='grc' dir='ltr'><em>τὴν</em></span> <span class='ocrx_word' id='word_1_84' title='bbox 847 1062 981 1131; x_wconf 77' lang='grc' dir='ltr'><em>ὄψιν</em></span> <span class='ocrx_word' id='word_1_85' title='bbox 1012 1066 1452 1137; x_wconf 79' lang='grc' dir='ltr'><em>παρατιθέμενος</em></span> <span class='ocrx_word' id='word_1_86' title='bbox 1484 1067 1545 1122; x_wconf 81' lang='grc' dir='ltr'><em>ἐν</em></span> <span class='ocrx_word' id='word_1_87' title='bbox 1572 1069 1650 1143; x_wconf 73' lang='grc' dir='ltr'><em>τῷ</em></span> <span class='ocrx_word' id='word_1_88' title='bbox 1691 1070 1930 1122; x_wconf 78' lang='grc' dir='ltr'><em>διανοεῖ-</em></span> 
     </span>
     <span class='ocr_line' id='line_1_12' title="bbox 245 1149 1928 1226; baseline 0.002 -20"><span class='ocrx_word' id='word_1_89' title='bbox 245 1158 382 1206; x_wconf 88' lang='grc' dir='ltr'><em>σθαι</em></span> <span class='ocrx_word' id='word_1_90' title='bbox 435 1150 570 1223; x_wconf 81' lang='grc' dir='ltr'><em>μήτε</em></span> <span class='ocrx_word' id='word_1_91' title='bbox 621 1150 747 1207; x_wconf 77' lang='grc' dir='ltr'><em>τινὰ</em></span> <span class='ocrx_word' id='word_1_92' title='bbox 803 1149 979 1223; x_wconf 72' lang='grc' dir='ltr'><em>ἄλλην</em></span> <span class='ocrx_word' id='word_1_93' title='bbox 1033 1159 1300 1223; x_wconf 76' lang='grc' dir='ltr'><em>αἴσθησιν</em></span> <span class='ocrx_word' id='word_1_94' title='bbox 1355 1155 1602 1225; x_wconf 77' lang='grc' dir='ltr'><em>ἐφέλκων</em></span> <span class='ocrx_word' id='word_1_95' title='bbox 1655 1157 1928 1226; x_wconf 88' lang='grc' dir='ltr'><em>μηδεμιάν</em></span> 
     </span>
    </p>

    <p class='ocr_par' dir='ltr' id='par_1_3' title="bbox 172 1238 2006 2020">
     <span class='ocr_line' id='line_1_13' title="bbox 172 1238 1933 1315; baseline 0.001 -18"><span class='ocrx_word' id='word_1_96' title='bbox 172 1238 408 1314; x_wconf 83' lang='grc' dir='ltr'><em>661μετὰ</em></span> <span class='ocrx_word' id='word_1_97' title='bbox 448 1242 548 1295; x_wconf 84' lang='grc' dir='ltr'><em>τοῦ</em></span> <span class='ocrx_word' id='word_1_98' title='bbox 588 1244 885 1311; x_wconf 79' lang='grc' dir='ltr'><em>λογισμοῦ,</em></span> <span class='ocrx_word' id='word_1_99' title='bbox 927 1238 1047 1296; x_wconf 86' lang='grc' dir='ltr'><em>ἀλλ’</em></span> <span class='ocrx_word' id='word_1_100' title='bbox 1092 1238 1231 1314; x_wconf 80' lang='grc' dir='ltr'><em>αὐτῇ</em></span> <span class='ocrx_word' id='word_1_101' title='bbox 1262 1238 1394 1297; x_wconf 89' lang='grc' dir='ltr'><em>καθ’</em></span> <span class='ocrx_word' id='word_1_102' title='bbox 1439 1239 1614 1312; x_wconf 85' lang='grc' dir='ltr'><em>αὑτὴν</em></span> <span class='ocrx_word' id='word_1_103' title='bbox 1647 1245 1933 1315; x_wconf 79' lang='grc' dir='ltr'><em>εἰλικρινεῖ</em></span> 
     </span>
     <span class='ocr_line' id='line_1_14' title="bbox 244 1326 1928 1403; baseline 0.003 -22"><span class='ocrx_word' id='word_1_104' title='bbox 244 1331 308 1400; x_wconf 79' lang='grc' dir='ltr'><em>τῇ</em></span> <span class='ocrx_word' id='word_1_105' title='bbox 336 1330 560 1401; x_wconf 77' lang='grc' dir='ltr'><em>διανοίᾳ</em></span> <span class='ocrx_word' id='word_1_106' title='bbox 582 1326 867 1400; x_wconf 76' lang='grc' dir='ltr'><em>χρώμενος</em></span> <span class='ocrx_word' id='word_1_107' title='bbox 891 1327 1025 1385; x_wconf 81' lang='grc' dir='ltr'><em>αὐτὸ</em></span> <span class='ocrx_word' id='word_1_108' title='bbox 1051 1327 1182 1384; x_wconf 88' lang='grc' dir='ltr'><em>καθ’</em></span> <span class='ocrx_word' id='word_1_109' title='bbox 1213 1326 1350 1385; x_wconf 87' lang='grc' dir='ltr'><em>αὑτὸ</em></span> <span class='ocrx_word' id='word_1_110' title='bbox 1377 1329 1667 1403; x_wconf 75' lang='grc' dir='ltr'><em>εἰλικρινὲς</em></span> <span class='ocrx_word' id='word_1_111' title='bbox 1692 1331 1928 1386; x_wconf 60' lang='grc' dir='ltr'><em>»ἕκαστον</em></span> 
     </span>
     <span class='ocr_line' id='line_1_15' title="bbox 247 1415 1930 1491; baseline 0.003 -20"><span class='ocrx_word' id='word_1_112' title='bbox 247 1418 515 1489; x_wconf 81' lang='grc' dir='ltr'><em>ἐπιχειροῖ</em></span> <span class='ocrx_word' id='word_1_113' title='bbox 540 1415 807 1488; x_wconf 79' lang='grc' dir='ltr'><em>θηρεύειν</em></span> <span class='ocrx_word' id='word_1_114' title='bbox 838 1420 952 1473; x_wconf 78' lang='grc' dir='ltr'><em>τῶν</em></span> <span class='ocrx_word' id='word_1_115' title='bbox 983 1415 1181 1488; x_wconf 80' lang='grc' dir='ltr'><em>ὄντων,</em></span> <span class='ocrx_word' id='word_1_116' title='bbox 1216 1417 1548 1489; x_wconf 87' lang='grc' dir='ltr'><em>ἀπαλλαγεὶς</em></span> <span class='ocrx_word' id='word_1_117' title='bbox 1580 1417 1663 1475; x_wconf 83' lang='grc' dir='ltr'><em>ὅτι</em></span> <span class='ocrx_word' id='word_1_118' title='bbox 1695 1419 1930 1491; x_wconf 88' lang='grc' dir='ltr'><em>μάλιστα</em></span> 
     </span>
     <span class='ocr_line' id='line_1_16' title="bbox 246 1503 2006 1577; baseline 0.002 -18"><span class='ocrx_word' id='word_1_119' title='bbox 246 1503 561 1575; x_wconf 77' lang='grc' dir='ltr'><em>ὀφθαλμῶν</em></span> <span class='ocrx_word' id='word_1_120' title='bbox 599 1526 657 1560; x_wconf 88' lang='grc' dir='ltr'><em>τε</em></span> <span class='ocrx_word' id='word_1_121' title='bbox 695 1504 787 1559; x_wconf 88' lang='grc' dir='ltr'><em>καὶ</em></span> <span class='ocrx_word' id='word_1_122' title='bbox 828 1503 986 1560; x_wconf 77' lang='grc' dir='ltr'><em>ὤτων</em></span> <span class='ocrx_word' id='word_1_123' title='bbox 1023 1506 1116 1560; x_wconf 88' lang='grc' dir='ltr'><em>καὶ</em></span> <span class='ocrx_word' id='word_1_124' title='bbox 1149 1503 1223 1570; x_wconf 79' lang='grc' dir='ltr'><em>ὡς</em></span> <span class='ocrx_word' id='word_1_125' title='bbox 1254 1510 1382 1571; x_wconf 82' lang='grc' dir='ltr'><em>ἔπος</em></span> <span class='ocrx_word' id='word_1_126' title='bbox 1413 1509 1588 1562; x_wconf 83' lang='grc' dir='ltr'><em>εἰπεῖν</em></span> <span class='ocrx_word' id='word_1_127' title='bbox 1619 1505 1930 1577; x_wconf 82' lang='grc' dir='ltr'><em>ξύμπαντος</em></span> <span class='ocrx_word' id='word_1_128' title='bbox 2004 1523 2006 1526; x_wconf 81' lang='grc'><strong>“</strong></span> 
     </span>
     <span class='ocr_line' id='line_1_17' title="bbox 244 1591 1927 1668; baseline 0.001 -19"><span class='ocrx_word' id='word_1_129' title='bbox 244 1596 345 1650; x_wconf 87' lang='grc' dir='ltr'><em>τοῦ</em></span> <span class='ocrx_word' id='word_1_130' title='bbox 393 1593 670 1665; x_wconf 75' lang='grc' dir='ltr'><em>σώματος,</em></span> <span class='ocrx_word' id='word_1_131' title='bbox 725 1591 801 1658; x_wconf 78' lang='grc' dir='ltr'><em>ὡς</em></span> <span class='ocrx_word' id='word_1_132' title='bbox 851 1593 1217 1663; x_wconf 82' lang='grc' dir='ltr'><em>ταράττοντος</em></span> <span class='ocrx_word' id='word_1_133' title='bbox 1269 1594 1360 1649; x_wconf 85' lang='grc' dir='ltr'><em>καὶ</em></span> <span class='ocrx_word' id='word_1_134' title='bbox 1417 1592 1519 1651; x_wconf 80' lang='grc' dir='ltr'><em>οὐκ</em></span> <span class='ocrx_word' id='word_1_135' title='bbox 1573 1597 1776 1662; x_wconf 73' lang='grc' dir='ltr'><em>ἐῶντος</em></span> <span class='ocrx_word' id='word_1_136' title='bbox 1826 1594 1927 1668; x_wconf 85' lang='grc' dir='ltr'><em>τὴν</em></span> 
     </span>
     <span class='ocr_line' id='line_1_18' title="bbox 245 1679 1931 1756; baseline 0.002 -19"><span class='ocrx_word' id='word_1_137' title='bbox 245 1681 431 1754; x_wconf 83' lang='grc' dir='ltr'><em>ψυχὴν</em></span> <span class='ocrx_word' id='word_1_138' title='bbox 483 1681 796 1753; x_wconf 83' lang='grc' dir='ltr'><em>κτήσασθαι</em></span> <span class='ocrx_word' id='word_1_139' title='bbox 850 1679 1125 1753; x_wconf 85' lang='grc' dir='ltr'><em>ἀλήθειάν</em></span> <span class='ocrx_word' id='word_1_140' title='bbox 1179 1703 1236 1738; x_wconf 89' lang='grc' dir='ltr'><em>τε</em></span> <span class='ocrx_word' id='word_1_141' title='bbox 1288 1682 1381 1738; x_wconf 85' lang='grc' dir='ltr'><em>καὶ</em></span> <span class='ocrx_word' id='word_1_142' title='bbox 1435 1683 1740 1756; x_wconf 85' lang='grc' dir='ltr'><em>φρόνησιν,</em></span> <span class='ocrx_word' id='word_1_143' title='bbox 1795 1682 1931 1740; x_wconf 80' lang='grc' dir='ltr'><em>ὅταν</em></span> 
     </span>
     <span class='ocr_line' id='line_1_19' title="bbox 244 1762 1930 1846; baseline 0.001 -19"><span class='ocrx_word' id='word_1_144' title='bbox 244 1773 514 1843; x_wconf 72' lang='grc' dir='ltr'><em>κοινωνῇς</em></span> <span class='ocrx_word' id='word_1_145' title='bbox 562 1762 652 1843; x_wconf 79' lang='grc' dir='ltr'><em>ἀρ’</em></span> <span class='ocrx_word' id='word_1_146' title='bbox 696 1767 798 1842; x_wconf 84' lang='grc' dir='ltr'><em>οὐχ</em></span> <span class='ocrx_word' id='word_1_147' title='bbox 845 1762 1010 1836; x_wconf 80' lang='grc' dir='ltr'><em>οὗτός</em></span> <span class='ocrx_word' id='word_1_148' title='bbox 1057 1772 1232 1841; x_wconf 80' lang='grc' dir='ltr'><em>ἐστιν,</em></span> <span class='ocrx_word' id='word_1_149' title='bbox 1280 1763 1325 1826; x_wconf 73' lang='grc' dir='ltr'><em>ὦ</em></span> <span class='ocrx_word' id='word_1_150' title='bbox 1371 1775 1604 1842; x_wconf 87' lang='grc' dir='ltr'><em>Σιμμία,</em></span> <span class='ocrx_word' id='word_1_151' title='bbox 1653 1778 1803 1846; x_wconf 78' lang='grc' dir='ltr'><em>εἴπερ</em></span> <span class='ocrx_word' id='word_1_152' title='bbox 1849 1795 1930 1839; x_wconf 89' lang='grc' dir='ltr'><em>τις</em></span> 
     </span>
     <span class='ocr_line' id='line_1_20' title="bbox 245 1856 1927 1934; baseline 0.001 -19"><span class='ocrx_word' id='word_1_153' title='bbox 245 1860 338 1915; x_wconf 86' lang='grc' dir='ltr'><em>καὶ</em></span> <span class='ocrx_word' id='word_1_154' title='bbox 378 1858 562 1929; x_wconf 79' lang='grc' dir='ltr'><em>ἄλλος,</em></span> <span class='ocrx_word' id='word_1_155' title='bbox 601 1856 631 1914; x_wconf 88' lang='grc' dir='ltr'><strong>ὁ</strong></span> <span class='ocrx_word' id='word_1_156' title='bbox 669 1857 997 1930; x_wconf 81' lang='grc' dir='ltr'><em>τευξόμενος</em></span> <span class='ocrx_word' id='word_1_157' title='bbox 1033 1861 1134 1915; x_wconf 85' lang='grc' dir='ltr'><em>τοῦ</em></span> <span class='ocrx_word' id='word_1_158' title='bbox 1175 1857 1381 1926; x_wconf 58' lang='lat' dir='ltr'><em>&amp;vm-09?</em></span> <span class='ocrx_word' id='word_1_159' title='bbox 1422 1856 1781 1932; x_wconf 55' lang='lat' dir='ltr'><em>‘buepqomfigss</em></span> <span class='ocrx_word' id='word_1_160' title='bbox 1821 1865 1927 1934; x_wconf 82' lang='grc' dir='ltr'><em>ἔφη</em></span> 
     </span>
     <span class='ocr_line' id='line_1_21' title="bbox 247 1940 1641 2020; baseline 0 -17"><span class='ocrx_word' id='word_1_161' title='bbox 247 1945 277 2004; x_wconf 85' lang='grc' dir='ltr'>ὁ</span> <span class='ocrx_word' id='word_1_162' title='bbox 318 1952 579 2019; x_wconf 84' lang='grc' dir='ltr'><em>Σιμμίας,</em></span> <span class='ocrx_word' id='word_1_163' title='bbox 620 1944 722 2012; x_wconf 71' lang='lat'><strong>‘1:59</strong></span> <span class='ocrx_word' id='word_1_164' title='bbox 758 1945 944 2018; x_wconf 81' lang='grc' dir='ltr'><em>ἀληθῆ</em></span> <span class='ocrx_word' id='word_1_165' title='bbox 984 1947 1182 2018; x_wconf 85' lang='grc' dir='ltr'><em>λέγεις,</em></span> <span class='ocrx_word' id='word_1_166' title='bbox 1224 1940 1268 2003; x_wconf 77' lang='grc' dir='ltr'><strong><em>ὦ</em></strong></span> <span class='ocrx_word' id='word_1_167' title='bbox 1307 1945 1641 2020; x_wconf 64' lang='grc' dir='ltr'><em>Σώκρατες’</em></span> 
     </span>
    </p>

    <p class='ocr_par' dir='ltr' id='par_1_4' title="bbox 196 2033 1931 2811">
     <span class='ocr_line' id='line_1_22' title="bbox 196 2033 1929 2107; baseline 0.001 -15"><span class='ocrx_word' id='word_1_168' title='bbox 196 2041 232 2085; x_wconf 96' lang='grc' dir='ltr'>Β</span> <span class='ocrx_word' id='word_1_169' title='bbox 396 2039 488 2092; x_wconf 91' lang='lat' dir='ltr'><em>XI.</em></span> <span class='ocrx_word' id='word_1_170' title='bbox 560 2035 814 2092; x_wconf 64' lang='grc' dir='ltr'><em>εΟὐκοῦν</em></span> <span class='ocrx_word' id='word_1_171' title='bbox 847 2033 1106 2107; x_wconf 86' lang='grc' dir='ltr'><em>ἀνάγκη,’</em></span> <span class='ocrx_word' id='word_1_172' title='bbox 1142 2041 1150 2102; x_wconf 92' lang='grc'>1</span> <span class='ocrx_word' id='word_1_173' title='bbox 1185 2038 1309 2107; x_wconf 82' lang='grc' dir='ltr'><em>ἔφη,</em></span> <span class='ocrx_word' id='word_1_174' title='bbox 1344 2037 1429 2091; x_wconf 53' lang='grc' dir='ltr'><em>(ἐκ</em></span> <span class='ocrx_word' id='word_1_175' title='bbox 1458 2034 1683 2092; x_wconf 77' lang='grc' dir='ltr'><em>πάντων</em></span> <span class='ocrx_word' id='word_1_176' title='bbox 1713 2036 1929 2093; x_wconf 81' lang='grc' dir='ltr'><em>τούτων</em></span> 
     </span>
     <span class='ocr_line' id='line_1_23' title="bbox 246 2122 1931 2196; baseline -0.001 -16"><span class='ocrx_word' id='word_1_177' title='bbox 246 2129 624 2196; x_wconf 77' lang='grc' dir='ltr'><em>παρίστασθαι</em></span> <span class='ocrx_word' id='word_1_178' title='bbox 671 2123 843 2191; x_wconf 82' lang='grc' dir='ltr'><em>δόξαν</em></span> <span class='ocrx_word' id='word_1_179' title='bbox 890 2123 1115 2180; x_wconf 79' lang='grc' dir='ltr'><em>τοιάνδε</em></span> <span class='ocrx_word' id='word_1_180' title='bbox 1160 2122 1286 2180; x_wconf 77' lang='grc' dir='ltr'><em>τινὰ</em></span> <span class='ocrx_word' id='word_1_181' title='bbox 1330 2135 1447 2190; x_wconf 83' lang='grc' dir='ltr'><em>τοῖς</em></span> <span class='ocrx_word' id='word_1_182' title='bbox 1493 2128 1736 2195; x_wconf 81' lang='grc' dir='ltr'><em>γνησίως</em></span> <span class='ocrx_word' id='word_1_183' title='bbox 1773 2130 1931 2195; x_wconf 88' lang='grc' dir='ltr'><em>φιλο-</em></span> 
     </span>
     <span class='ocr_line' id='line_1_24' title="bbox 247 2210 1929 2285; baseline 0 -17"><span class='ocrx_word' id='word_1_184' title='bbox 247 2212 464 2283; x_wconf 89' lang='grc' dir='ltr'><em>σόφοις,</em></span> <span class='ocrx_word' id='word_1_185' title='bbox 505 2211 644 2269; x_wconf 77' lang='grc' dir='ltr'><em>ὥστε</em></span> <span class='ocrx_word' id='word_1_186' title='bbox 681 2213 773 2268; x_wconf 84' lang='grc' dir='ltr'><em>καὶ</em></span> <span class='ocrx_word' id='word_1_187' title='bbox 810 2211 951 2285; x_wconf 90' lang='grc' dir='ltr'><em>πρὸς</em></span> <span class='ocrx_word' id='word_1_188' title='bbox 989 2210 1263 2284; x_wconf 80' lang='grc' dir='ltr'><em>ἀλλήλους</em></span> <span class='ocrx_word' id='word_1_189' title='bbox 1292 2215 1521 2268; x_wconf 84' lang='grc' dir='ltr'><em>τοιαῦτα</em></span> <span class='ocrx_word' id='word_1_190' title='bbox 1560 2211 1694 2268; x_wconf 74' lang='grc' dir='ltr'><em>ἅττα</em></span> <span class='ocrx_word' id='word_1_191' title='bbox 1730 2213 1929 2283; x_wconf 89' lang='grc' dir='ltr'><em>λέγειν,</em></span> 
     </span>
     <span class='ocr_line' id='line_1_25' title="bbox 248 2297 1928 2373; baseline -0.001 -18"><span class='ocrx_word' id='word_1_192' title='bbox 248 2299 332 2356; x_wconf 82' lang='grc' dir='ltr'><em>ὅτι</em></span> <span class='ocrx_word' id='word_1_193' title='bbox 369 2300 687 2356; x_wconf 81' lang='grc' dir='ltr'><em>κινδυνεύει</em></span> <span class='ocrx_word' id='word_1_194' title='bbox 725 2321 811 2356; x_wconf 89' lang='grc' dir='ltr'><em>τοι</em></span> <span class='ocrx_word' id='word_1_195' title='bbox 851 2299 1033 2373; x_wconf 73' lang='grc' dir='ltr'><em>ὥσπερ</em></span> <span class='ocrx_word' id='word_1_196' title='bbox 1074 2299 1317 2372; x_wconf 86' lang='grc' dir='ltr'><em>ἀτραπός</em></span> <span class='ocrx_word' id='word_1_197' title='bbox 1354 2321 1437 2365; x_wconf 91' lang='grc' dir='ltr'><em>τις</em></span> <span class='ocrx_word' id='word_1_198' title='bbox 1476 2300 1728 2371; x_wconf 84' lang='grc' dir='ltr'><em>ἐκφέρειν</em></span> <span class='ocrx_word' id='word_1_199' title='bbox 1766 2297 1928 2371; x_wconf 81' lang='grc' dir='ltr'><em>ἡμᾶς,</em></span> 
     </span>
     <span class='ocr_line' id='line_1_26' title="bbox 248 2384 1930 2459; baseline -0.002 -15"><span class='ocrx_word' id='word_1_200' title='bbox 248 2387 351 2458; x_wconf 81' lang='grc' dir='ltr'><em>ὅτι,</em></span> <span class='ocrx_word' id='word_1_201' title='bbox 392 2389 494 2453; x_wconf 80' lang='grc' dir='ltr'><em>ἕως</em></span> <span class='ocrx_word' id='word_1_202' title='bbox 531 2384 603 2443; x_wconf 77' lang='grc' dir='ltr'><em>ἂν</em></span> <span class='ocrx_word' id='word_1_203' title='bbox 649 2387 711 2443; x_wconf 88' lang='grc' dir='ltr'><em>τὸ</em></span> <span class='ocrx_word' id='word_1_204' title='bbox 759 2391 918 2459; x_wconf 78' lang='grc' dir='ltr'><em>σῶμα</em></span> <span class='ocrx_word' id='word_1_205' title='bbox 964 2392 1174 2459; x_wconf 84' lang='grc' dir='ltr'><em>ἔχωμεν</em></span> <span class='ocrx_word' id='word_1_206' title='bbox 1218 2385 1352 2457; x_wconf 80' lang='grc' dir='ltr'><em>μετὰ</em></span> <span class='ocrx_word' id='word_1_207' title='bbox 1398 2390 1500 2442; x_wconf 84' lang='grc' dir='ltr'><em>τοῦ</em></span> <span class='ocrx_word' id='word_1_208' title='bbox 1546 2385 1720 2457; x_wconf 83' lang='grc' dir='ltr'><em>λόγου</em></span> <span class='ocrx_word' id='word_1_209' title='bbox 1767 2388 1826 2442; x_wconf 85' lang='grc' dir='ltr'><em>έν</em></span> <span class='ocrx_word' id='word_1_210' title='bbox 1864 2389 1930 2459; x_wconf 81' lang='grc' dir='ltr'><em>τῇ</em></span> 
     </span>
     <span class='ocr_line' id='line_1_27' title="bbox 248 2468 1931 2547; baseline -0.001 -16"><span class='ocrx_word' id='word_1_211' title='bbox 248 2476 454 2546; x_wconf 82' lang='grc' dir='ltr'><em>σκέψει,</em></span> <span class='ocrx_word' id='word_1_212' title='bbox 477 2476 569 2530; x_wconf 86' lang='grc' dir='ltr'><em>καὶ</em></span> <span class='ocrx_word' id='word_1_213' title='bbox 595 2476 1027 2547; x_wconf 87' lang='grc' dir='ltr'><em>συμπεφυρμένη</em></span> <span class='ocrx_word' id='word_1_214' title='bbox 1054 2468 1088 2547; x_wconf 81' lang='grc' dir='ltr'><strong><em>ᾖ</em></strong></span> <span class='ocrx_word' id='word_1_215' title='bbox 1112 2471 1271 2545; x_wconf 74' lang='grc' dir='ltr'><em>ἡμῶν</em></span> <span class='ocrx_word' id='word_1_216' title='bbox 1295 2470 1329 2544; x_wconf 83' lang='grc' dir='ltr'><em>ἡ</em></span> <span class='ocrx_word' id='word_1_217' title='bbox 1354 2471 1502 2545; x_wconf 81' lang='grc' dir='ltr'><em>ψυχὴ</em></span> <span class='ocrx_word' id='word_1_218' title='bbox 1521 2471 1653 2544; x_wconf 86' lang='grc' dir='ltr'><em>μετὰ</em></span> <span class='ocrx_word' id='word_1_219' title='bbox 1671 2472 1931 2529; x_wconf 81' lang='grc' dir='ltr'><em>τοιούτου</em></span> 
     </span>
     <span class='ocr_line' id='line_1_28' title="bbox 246 2553 1930 2634; baseline 0 -16"><span class='ocrx_word' id='word_1_220' title='bbox 246 2566 447 2633; x_wconf 81' lang='grc' dir='ltr'><em>κακοῦ,</em></span> <span class='ocrx_word' id='word_1_221' title='bbox 488 2561 556 2619; x_wconf 84' lang='grc' dir='ltr'><em>οὐ</em></span> <span class='ocrx_word' id='word_1_222' title='bbox 582 2562 655 2634; x_wconf 86' lang='grc' dir='ltr'><em>μή</em></span> <span class='ocrx_word' id='word_1_223' title='bbox 681 2582 811 2618; x_wconf 87' lang='grc' dir='ltr'><em>ποτε</em></span> <span class='ocrx_word' id='word_1_224' title='bbox 834 2561 1165 2633; x_wconf 78' lang='grc' dir='ltr'><em>κτησώμεθα</em></span> <span class='ocrx_word' id='word_1_225' title='bbox 1193 2564 1393 2626; x_wconf 68' lang='grc' dir='ltr'><em>ἱκανῶς</em></span> <span class='ocrx_word' id='word_1_226' title='bbox 1425 2553 1494 2616; x_wconf 85' lang='grc' dir='ltr'><em>οὗ</em></span> <span class='ocrx_word' id='word_1_227' title='bbox 1526 2562 1930 2633; x_wconf 83' lang='grc' dir='ltr'><em>ἐπιθυμοῦμεν·</em></span> 
     </span>
     <span class='ocr_line' id='line_1_29' title="bbox 248 2647 1930 2723; baseline -0.001 -17"><span class='ocrx_word' id='word_1_228' title='bbox 248 2650 431 2723; x_wconf 75' lang='grc' dir='ltr'><em>φαμὲν</em></span> <span class='ocrx_word' id='word_1_229' title='bbox 487 2649 549 2705; x_wconf 71' lang='grc' dir='ltr'><em>δὲ</em></span> <span class='ocrx_word' id='word_1_230' title='bbox 601 2653 764 2706; x_wconf 87' lang='grc' dir='ltr'><em>τοῦτο</em></span> <span class='ocrx_word' id='word_1_231' title='bbox 820 2647 964 2705; x_wconf 82' lang='grc' dir='ltr'><em>εἶναι</em></span> <span class='ocrx_word' id='word_1_232' title='bbox 1018 2647 1078 2705; x_wconf 91' lang='grc' dir='ltr'><em>τὸ</em></span> <span class='ocrx_word' id='word_1_233' title='bbox 1133 2647 1352 2719; x_wconf 86' lang='grc' dir='ltr'><em>ἀληθές.</em></span> <span class='ocrx_word' id='word_1_234' title='bbox 1419 2654 1619 2722; x_wconf 88' lang='grc' dir='ltr'><em>μυρίας</em></span> <span class='ocrx_word' id='word_1_235' title='bbox 1669 2648 1770 2720; x_wconf 74' lang='grc' dir='ltr'><em>μὲν</em></span> <span class='ocrx_word' id='word_1_236' title='bbox 1823 2648 1930 2722; x_wconf 77' lang='grc' dir='ltr'><em>γὰρ</em></span> 
     </span>
     <span class='ocr_line' id='line_1_30' title="bbox 247 2734 1931 2811; baseline 0 -18"><span class='ocrx_word' id='word_1_237' title='bbox 247 2737 381 2811; x_wconf 77' lang='grc' dir='ltr'><em>ἡμῖν</em></span> <span class='ocrx_word' id='word_1_238' title='bbox 432 2736 693 2810; x_wconf 80' lang='grc' dir='ltr'><em>ἀσχολίας</em></span> <span class='ocrx_word' id='word_1_239' title='bbox 738 2738 959 2810; x_wconf 83' lang='grc' dir='ltr'><em>παρέχει</em></span> <span class='ocrx_word' id='word_1_240' title='bbox 1005 2736 1067 2793; x_wconf 88' lang='grc' dir='ltr'><em>τὸ</em></span> <span class='ocrx_word' id='word_1_241' title='bbox 1124 2739 1281 2808; x_wconf 77' lang='grc' dir='ltr'><em>σῶμα</em></span> <span class='ocrx_word' id='word_1_242' title='bbox 1328 2736 1421 2793; x_wconf 82' lang='grc' dir='ltr'><em>διὰ</em></span> <span class='ocrx_word' id='word_1_243' title='bbox 1470 2736 1574 2808; x_wconf 86' lang='grc' dir='ltr'><em>τὴν</em></span> <span class='ocrx_word' id='word_1_244' title='bbox 1621 2734 1931 2808; x_wconf 84' lang='grc' dir='ltr'><em>ἀναγκαίαν</em></span> 
     </span>
    </p>

    <p class='ocr_par' dir='ltr' id='par_1_5' title="bbox 198 2824 1932 2899">
     <span class='ocr_line' id='line_1_31' title="bbox 198 2824 1932 2899; baseline -0.001 -17"><span class='ocrx_word' id='word_1_245' title='bbox 198 2825 486 2899; x_wconf 81' lang='grc' dir='ltr'><em>Οτροφήν”</em></span> <span class='ocrx_word' id='word_1_246' title='bbox 527 2830 606 2882; x_wconf 84' lang='grc' dir='ltr'><em>ἔτι</em></span> <span class='ocrx_word' id='word_1_247' title='bbox 646 2827 731 2897; x_wconf 88' lang='grc' dir='ltr'><em>δέ,</em></span> <span class='ocrx_word' id='word_1_248' title='bbox 771 2825 842 2881; x_wconf 77' lang='grc' dir='ltr'><em>ἅν</em></span> <span class='ocrx_word' id='word_1_249' title='bbox 877 2827 885 2898; x_wconf 88' lang='grc' dir='ltr'>Ι</span> <span class='ocrx_word' id='word_1_250' title='bbox 917 2847 1064 2892; x_wconf 88' lang='grc' dir='ltr'><em>τινες</em></span> <span class='ocrx_word' id='word_1_251' title='bbox 1110 2824 1270 2880; x_wconf 90' lang='grc' dir='ltr'><em>νόσοι</em></span> <span class='ocrx_word' id='word_1_252' title='bbox 1317 2826 1728 2895; x_wconf 82' lang='grc' dir='ltr'><em>προσπέσωσιν,</em></span> <span class='ocrx_word' id='word_1_253' title='bbox 1768 2826 1932 2895; x_wconf 81' lang='grc' dir='ltr'><em>ἐμπο-</em></span> 
     </span>
    </p>
   </div>
  </div>
 </body>
</html>
