2020 3198
0 127 1 177 ξ
69 117 126 157 23
380 90 390 100 ’
739 114 1079 158 ΚΡΑΤΤΛΟΣ.
1643 111 1747 163 197

67 229 160 285 καὶ
199 232 338 285 ἄλλα
372 233 562 286 πολλά.
633 233 699 285 τὰ
731 228 831 301 μὲν
862 227 965 285 οὖν
995 238 1221 285 τοιαῦτα
1254 232 1408 284 δοκεῖ
1436 250 1529 300 μοι
1559 237 1758 301 χρῆναι

47 318 189 390 ἐᾶν·
235 320 381 383 εἰκὸς
431 317 491 372 δὲ
538 321 771 389 μάλιστα
813 319 953 388 ἡμᾶς
992 319 1175 390 εὑρεῖν
1212 320 1278 372 τὰ
1317 319 1501 389 ὀρθῶς
1538 321 1760 388 κείμενα

23 396 25 398 ,
68 405 194 478 περὶ
230 408 298 460 τὰ
338 406 423 460 ἀεὶ
463 409 595 461 ὄντα
631 406 723 461 καὶ
752 409 1050 477 πεφυκότα.
1121 406 1502 460 ἐσπουδάσθαι
1533 408 1638 477 γὰρ
1671 406 1756 460 ε’ν-

67 500 252 548 ταῦθα
283 496 517 564 μάλιστα
547 495 740 566 πρέπει
771 496 873 564 τὴν
907 499 913 560 Ι
947 494 1110 548 θέσιν
1140 504 1252 547 τῶν
1284 495 1591 564 ὀνομάτων·
1625 500 1755 558 ἴσως
1787 505 1820 550 C

72 580 122 635 δ’
169 584 288 636 ἔνια
327 583 511 637 αὐτῶν
549 582 640 637 καὶ
677 583 784 637 ὑπὸ
822 581 1107 653 θειοτέρας
1140 583 1424 652 δυνάμεως
1454 582 1488 651 ἢ
1520 588 1615 651 τῆς
1644 592 1756 636 τῶν

71 670 387 741 ἀνθρώπων
426 670 605 740 ἐτέθη.

217 759 384 813 ΕΡΜ.
459 765 662 823 Δοκεῖς
700 779 794 829 μοι
831 764 1010 823 καλῶς
1049 758 1253 827 λέγειν,
1295 755 1336 813 ὦ
1377 760 1680 829 Σώκρατες.

219 847 362 901 XVI.
440 847 556 900 ΣΩ.
611 841 724 919 Ἆρ’
779 843 882 901 οὗν
930 848 996 900 οὐ
1045 849 1259 900 δίκαιον
1307 846 1411 899 άπὸ
1457 855 1567 900 τῶν
1604 851 1756 899 θεῶν

72 935 342 1004 ἄρχεσθαι
382 934 815 1005 σκοπουμένους,
855 943 928 1006 πῇ
968 951 1098 988 ποτε
1130 935 1262 988 αὐτὸ
1295 942 1457 988 τοῦτο
1488 936 1550 988 τὸ
1582 935 1756 1003 ὄνομα

73 1021 132 1075 οἱ
165 1021 292 1076 θεοὶ
331 1023 516 1093 ὀρθῶς
556 1023 894 1092 ἐκλήθησαν;

220 1110 389 1164 ΕΡΜ.
466 1112 633 1174 Εἰκός
669 1131 746 1179 γε.

223 1197 339 1251 ΣΩ.
417 1200 646 1252 Τοιόνὸε
684 1200 877 1252 τοίνυν
915 1201 1085 1267 ἔγωγε
1116 1199 1428 1253 ὑποπτεύω·
1463 1200 1763 1269 φαίνονταί

74 1305 168 1355 μοι
215 1286 274 1338 οἶ
314 1294 521 1355 πρῶτοι
566 1295 678 1340 τῶν
724 1287 1039 1356 ἀνθρώπων
1082 1296 1192 1339 τῶν
1230 1286 1355 1358 περὶ
1391 1288 1493 1356 τὴν
1523 1285 1758 1340 Ἑλλάδα

73 1374 305 1436 τούτους
329 1375 535 1442 μόνους
557 1377 688 1438 τοὺς
710 1377 880 1438 θεοὺς
903 1374 1180 1442 ἡγεῖσθαι,
1206 1374 1410 1445 οὕσπερ
1434 1382 1540 1428 νῦν
1562 1373 1758 1427 πολλοὶ

73 1469 186 1514 τῶν
221 1464 229 1525 Ι
263 1461 577 1531 βαρβάρων,
616 1463 776 1530 ἥλιον
813 1460 906 1515 καὶ
939 1464 1177 1530 σελήνην
1207 1461 1299 1515 καὶ
1329 1470 1434 1530 γῆν
1463 1461 1555 1516 καὶ
1586 1464 1757 1533 ἄστρα
1788 1471 1828 1515 D

19 1541 25 1579 s
74 1549 167 1604 καὶ
215 1549 479 1620 οὐρανόν·
526 1549 619 1603 ἅτε
667 1545 769 1603 οὖν
818 1550 955 1602 αὐτὰ
994 1550 1228 1620 ὁρῶντες
1265 1552 1442 1604 πάντα
1482 1550 1566 1604 ἀεὶ
1606 1552 1759 1604 ἰόντα

78 1639 264 1710 δρόμῳ
310 1636 402 1690 καὶ
447 1635 677 1706 θέοντα,
725 1637 830 1690 άπὸ
876 1638 1075 1706 ταύτης
1119 1645 1215 1706 τῆς
1260 1640 1479 1707 φύσεως
1523 1645 1618 1707 τῆς
1659 1647 1759 1693 τοῦ

75 1729 204 1779 θεῖν
227 1728 398 1788 θεοὺς
422 1725 623 1788 αὐτοὺς
647 1725 1006 1794 ἐπονομάσαι·
1030 1725 1264 1795 ὕστερον
1290 1723 1349 1779 δὲ
1365 1734 1760 1790 κατανοοῦντες

76 1816 207 1876 τοὺς
253 1814 454 1875 ἄλλους
499 1813 706 1875 πάντας
748 1813 853 1880 ἤδη
893 1813 1068 1885 τούτῳ
1107 1820 1181 1884 τῷ
1222 1813 1449 1882 ὀνόματι
1487 1828 1785 1884 προσαγο-’

79 1901 277 1971 ρεύειν.
355 1899 501 1953 ἔοικέ
535 1919 587 1952 τι
625 1899 655 1952 ὃ
695 1897 835 1967 λέγω
875 1907 940 1969 τῇ
981 1900 1213 1972 ἀληθείᾳ
1251 1900 1285 1968 ἢ
1326 1899 1514 1966 οὐδέν;

226 1987 392 2042 ΕΡΜ.
473 1989 635 2040 Πάνυ
674 1985 774 2056 μὲν
814 1983 916 2041 οὖν
953 1990 1143 2041 ἔοικεν.

228 2075 346 2130 ΣΩ.
430 2078 500 2129 Τί
534 2072 636 2130 οὖν
675 2075 744 2129 ἂν
783 2078 915 2145 μετὰ
952 2084 1113 2130 τοῦτο
1154 2086 1473 2145 σκοποῖμεν;
1514 2077 1547 2145 ἢ
1579 2078 1760 2146 δῆλον

83 2165 150 2232 δὴ
192 2164 275 2217 ὅτι
316 2165 582 2233 δαίμονάς
620 2183 677 2217 τε
714 2163 807 2217 καὶ
845 2164 1027 2234 ἥρωας
1065 2162 1157 2217 καὶ
1196 2164 1550 2235 άνθρώπους;

227 2250 392 2305 ΕΡΜ.
471 2250 477 2322 Ι
519 2254 817 2321 Δαίμονας.
1788 2261 1824 2305 Ε

229 2338 345 2392 Σῼ.
422 2336 533 2391 Καὶ
572 2339 645 2401 ὡς
685 2338 931 2407 άληθῶς,
975 2335 1017 2392 ὦ
1051 2337 1394 2409 Ἑρμόγενες,
1433 2341 1491 2392 τί
1524 2341 1592 2392 ἄν
1629 2358 1759 2394 ποτε

83 2435 210 2480 νοοῖ
250 2429 311 2480 τὸ
359 2427 532 2495 ὄνομα
579 2427 638 2479 oc
679 2428 957 2495 δαίμονεςς
1008 2426 1226 2494 σκέψαι,
1274 2428 1342 2480 ἄν
1386 2429 1444 2480 τί
1485 2441 1574 2481 σοι
1620 2428 1759 2493 δόξω

82 2515 270 2567 εἰπεῖν.

230 2601 395 2655 ΕΡΜ.
472 2600 614 2669 Λέγε
653 2605 840 2670 μόνον.

233 2687 349 2740 ΣΩ.
423 2684 606 2741 Οἶσθα
645 2686 748 2743 οὖν
786 2691 938 2753 τίνας
973 2689 1146 2760 φησὶν
1170 2689 1427 2755 “Ησιόδος
1460 2688 1601 2745 εἶναι
1631 2693 1760 2754 τοὺς

85 2777 373 2846 δαίμονας;
