2020 3198
108 148 166 188 29
780 145 1121 189 KPATTAoz.
1678 146 1788 199 203

105 259 280 332 μηδὲν
314 264 322 332 Ι
356 265 592 326 εἰδότας·
623 267 800 326 καλῶς
830 263 936 332 γὰρ
969 263 1037 331 δὴ
1064 265 1246 332 ἔμοιγε
1271 265 1427 318 δοκεῖ
1445 267 1788 334 νενομίσθαι.
1820 285 1905 327 401

26 365 60 405 ζ·
106 353 160 414 εἰ
187 347 291 405 οὖν
321 353 529 420 βούλει,
562 361 850 420 σκοπῶμεν
881 352 1063 421 ὥσπερ
1095 355 1449 421 προειπόντες
1478 363 1593 417 τοῖς
1615 359 1788 422 θεοῖς,

106 439 191 492 ὅτι
243 438 366 509 περὶ
422 441 605 493 αὐτῶν
660 436 826 492 οὐδὲν
878 438 1033 507 ἡμεῖς
1087 442 1404 509 σκεψόμεθα
1455 472 1516 479 -
1567 441 1635 494 οὐ
1683 443 1789 511 γὰρ

105 526 365 596 ἀξιοῦμεν
413 521 528 581 οἶοί
566 525 613 580 τ’
668 526 736 580 ἂν
782 522 924 579 εἶναι
965 536 1190 580 σκοπεῖν
1230 556 1298 565 -
1340 528 1478 581 ἀλλὰ
1516 527 1640 599 περὶ
1678 539 1790 583 τῶν

106 614 440 685 ἀνθρώπων,
480 615 676 683 ἥντινά
713 632 844 667 ποτε
877 614 1045 679 δόξαν
1076 617 1290 683 ἔχοντες
1321 615 1569 670 ἐτίθεντο
1602 617 1790 681 αὐτοῖς

101 703 170 755 τά
209 702 471 772 ὀνόματα·
509 710 672 756 τοῦτο
710 703 816 773 γὰρ
857 701 1205 771 ἀνεμέσητον.

250 791 414 844 ΕΡΜ.
479 789 641 844 Ἀλλά
671 810 764 860 μοι
797 792 993 858 δοκεῖς,
1028 787 1069 843 ὦ
1102 791 1410 860 Σώκρατες,
1442 794 1672 862 μετρίως
1704 792 1789 846 λέ-

102 899 246 948 γειν,
285 878 377 932 καὶ
416 878 559 932 οὕτω
599 888 856 947 ποιῶμεν.

253 965 260 1038 l
303 966 419 1019 Σῼ.
481 965 647 1019 ’Άλλο
693 985 746 1019 τι
789 962 892 1019 οὖν
932 964 1027 1035 ἀφ’
1065 964 1277 1029 Ἑστίας
1317 966 1612 1037 ἀρχώμεθα
1651 970 1786 1021 κατὰ
1820 984 1858 1028 Β

101 1057 199 1109 τὸν
237 1058 435 1124 νόμον;

248 1143 414 1196 ΕΡΜ.
490 1145 727 1196 Δίκαιον
766 1150 919 1210 γοῦν.

251 1231 366 1284 ΣΩ.
436 1234 506 1283 Τί
534 1226 635 1283 οὖν
668 1232 736 1282 ἄν
766 1250 848 1293 τις
877 1233 1011 1299 φαίη
1040 1232 1440 1300 διανοούμενον
1463 1233 1561 1285 τὸν
1587 1232 1787 1301 ὀνομά-

101 1334 273 1374 σαντα
304 1318 524 1373 Ἑστίαν
565 1319 859 1387 ὀνομάσαι;

247 1409 411 1462 ΕΡΜ.
494 1408 575 1460 Οὐ
621 1408 695 1475 μὰ
732 1408 830 1460 τὸν
867 1410 980 1459 Δία
1020 1404 1150 1460 οὐδὲ
1189 1414 1353 1460 τοῦτο
1394 1404 1545 1477 οἶμαι
1585 1407 1785 1479 ῥᾴδιον

101 1493 257 1550 εἶναι.
1782 1564 1785 1565 ⁷

250 1584 365 1637 ΣΩ.
435 1584 846 1637 Κινδυνεύουσι
890 1591 1056 1651 γοῦν,
1106 1580 1293 1650 ὠγαθὲ
1334 1581 1681 1654 Ἑρμόγενες,
1730 1585 1790 1638 oc

99 1682 306 1743 πρῶτοι
349 1673 415 1725 τὰ
462 1672 702 1741 ὀνόματα
748 1671 1029 1740 τιθέμενοι
1076 1672 1143 1724 οὐ
1184 1676 1389 1739 φαῦλοι
1430 1668 1597 1740 εἶναι,
1645 1672 1783 1725 ἀλλὰ

99 1763 495 1831 μετεωρολόγοι
533 1759 623 1813 καὶ
664 1759 957 1828 ἀδολέσχαι
996 1759 1154 1822 τινές.

246 1849 410 1903 ΕΡΜ.
494 1851 564 1900 Τί
600 1850 692 1916 δή;

247 1937 364 1989 ΣΩ..
441 1938 856 2004 Καταφαίνεταί
903 1955 996 2004 μοι
1047 1935 1081 2003 ἡ
1135 1934 1292 1998 θέσις
1338 1945 1448 1989 τῶν
1495 1936 1784 2005 ὀνομάτων

99 2026 366 2079 τοιούτων
418 2034 586 2076 τινῶν
641 2024 968 2092 ἀνθρώπων.
1053 2022 1143 2076 καὶ
1199 2023 1295 2075 έάν
1348 2043 1430 2086 τις
1483 2025 1548 2077 τὰ
1601 2023 1784 2088 ξενικὰ

100 2115 340 2183 ὀνόματα
377 2111 381 2184 l
417 2113 718 2181 ἀνασκοπῇ,
751 2113 851 2180 οὐχ
882 2108 1047 2180 ἧττον
1079 2112 1457 2181 ἀνευρίσκεται
1490 2112 1518 2164 ὃ
1551 2112 1781 2166 ἕκαστον
1815 2126 1849 2171 C

99 2203 370 2271 βούλεται.
433 2195 554 2253 οἷον
584 2199 674 2253 καὶ
706 2200 766 2252 ἐν
797 2201 990 2272 τούτῳ,
1025 2199 1053 2252 ὃ
1085 2199 1240 2267 ἡμεῖς
1264 2200 1462 2252 οὐσίαν
1486 2204 1780 2269 καλοῦμεν,

100 2288 241 2343 εἰσὶν
289 2292 346 2343 οἳ
388 2288 576 2342 ἐσσίαν
622 2292 913 2355 καλοῦσιν,
969 2290 1027 2341 οἳ
1070 2285 1118 2340 δ’
1172 2283 1242 2340 αὖ
1291 2288 1476 2341 ὠσίαν.
1562 2298 1782 2359 πρῶτον

100 2376 200 2447 μὲν
246 2374 349 2431 οὗν
394 2378 530 2430 κατὰ
574 2378 635 2429 τὸ
683 2376 872 2445 ἕτερον
921 2378 1095 2444 ὄνομα
1140 2377 1352 2429 τούτων
1390 2376 1423 2444 ἡ
1464 2386 1574 2430 τῶν
1613 2394 1784 2447 πραγ-

100 2467 285 2535 μάτων
333 2466 494 2518 οὐσία
525 2463 709 2518 Ἑστιά
754 2469 1044 2518 καλεῖσθαι
1092 2466 1200 2533 ἔχει
1240 2467 1430 2532 λόγον·
1469 2463 1560 2518 καὶ
1600 2466 1683 2518 ὅτι
1721 2485 1782 2532 γε

100 2551 171 2607 αὖ
202 2554 357 2623 ἡμεῖς
386 2555 447 2606 τὸ
478 2561 573 2621 τῆς
605 2553 796 2616 οὐσίας
827 2552 1052 2622 μετέχον
1085 2552 1268 2605 ἑστίαν
1301 2552 1499 2621 φαμέν,
1532 2551 1623 2605 καὶ
1647 2554 1782 2605 κατὰ

99 2650 263 2695 τοῦτο
297 2642 480 2711 ὀρθῶς
512 2641 580 2694 ἂν
610 2646 831 2694 καλοῖτο
849 2639 1053 2694 Ἑστία·
1094 2640 1346 2710 ἐοίκαμεν
1375 2642 1481 2711 γὰρ
1512 2639 1602 2693 καὶ
1629 2640 1783 2708 ἡμεῖς

99 2731 161 2783 τὸ
201 2730 433 2782 παλαιὸν
469 2728 657 2781 ε’σσίαν
687 2734 875 2782 καλεῖν
905 2730 1006 2797 τὴν
1039 2729 1249 2782 οὐσίαν.
1321 2730 1399 2782 ε”τι
1433 2726 1493 2780 δὲ
1525 2726 1614 2780 καὶ
1645 2729 1780 2780 κατὰ

99 2819 194 2880 τὰς
246 2819 449 2879 θυσίας
503 2818 571 2868 ἄν
622 2836 703 2879 τις
757 2817 1021 2885 ἐννοήσας
1074 2816 1336 2884 ἡγήσαιτο
1380 2816 1384 2886 Ι
1430 2815 1571 2868 οὕτω
1626 2824 1778 2867 νοεῖν
1810 2826 1849 2869 D
