2020 3198
811 124 1045 168 ΚΡΙΤΩΝ.
1697 123 1767 175 81

88 235 545 314 ἀναισχυντήσεις
585 239 974 312 διαλεγόμενος
1009 273 1072 281 -
1110 244 1265 305 τίνας
1301 239 1520 311 λόγους,
1561 233 1606 296 ὦ
1645 238 1769 296 Σοί-

41 381 51 384 -
89 351 305 402 κρατεῖς,
353 326 387 400 ἢ
431 326 636 400 οῦσπερ
677 327 908 398 ἐνθάδε,
961 325 1035 394 ὥς
1080 325 1114 398 ἡ
1155 325 1319 400 ἀρετὴ
1357 328 1450 383 καὶ
1487 325 1521 399 ἡ
1564 331 1771 385 δικαιο-

90 416 234 488 σύνη
273 422 534 473 πλείστου
578 415 737 483 ἄξιον
782 425 898 481 τοῖς
943 413 1268 488 ἀνθρώποις
1312 415 1405 470 καὶ
1450 414 1516 471 τὰ
1562 415 1771 488 νόμιμα

89 507 181 563 καὶ
221 509 281 562 οἱ
313 506 505 577 νόμοις
543 505 636 560 καὶ
677 502 780 561 οὐκ
820 510 924 560 οἰέι
963 502 1213 575 ἄσχημον
1252 499 1324 559 ἂν
1364 512 1669 574 φανεῖσθαι
1706 503 1768 560 τὸ

89 597 190 649 τοῦ
224 592 232 667 Ι
266 593 606 666 Σωκράτους
643 595 893 664 πρᾶγμα;
951 596 1176 647 οἴεσθαί
1223 613 1286 662 γε
1340 590 1459 663 χρή.
1534 589 1655 647 ἀλλ’
1713 594 1829 648 ἑκΙ)

90 682 192 753 μὲν
230 681 446 738 τούτων
484 685 597 738 τῶν
634 679 821 737 τόπων
859 678 1112 753 ἀπαρεΐς,
1162 678 1308 751 ἥξεις
1354 679 1416 735 δὲ
1462 682 1540 745 εἰς
1578 685 1774 735 Θεττα-

90 772 220 824 λίαν
260 767 408 841 παρὰ
454 767 584 834 τοὺς
630 769 823 835 ξένους
866 766 998 833 τοὺς
1044 771 1354 839 Κρίτωνος·
1404 768 1516 822 ἐκεῖ
1556 765 1662 838 γὰρ
1703 765 1772 838 δὴ

92 860 315 928 πλείστη
352 854 548 923 ἀταξία
586 857 678 911 καὶ
717 853 1003 926 ἀκολασία,
1042 855 1135 911 καὶ
1174 862 1307 921 ἴσως
1345 851 1418 911 ὂὶν
1455 853 1631 927 ἡδέως
1669 870 1774 911 σου

91 943 380 1014 ἀκούοιεν,
432 941 506 1010 ὡς
550 948 779 1015 γελοίως
825 945 883 999 ἐκ
920 945 1020 999 τοῦ
1061 946 1441 1015 δεσμωτηρίου
1480 941 1775 1014 ἀπεδίδρα-

92 1049 216 1101 σκες
255 1031 460 1102 σκευήν
503 1032 566 1088 τέ
599 1054 725 1087 τινα
763 1031 1149 1104 περιθέμενος,
1190 1027 1226 1101 ἢ
1267 1032 1547 1103 διφθέραν
1584 1029 1773 1100 λαβὼν

91 1117 126 1191 ἢ
168 1118 309 1175 ἄλλα
348 1114 440 1175 οἶα
480 1118 547 1190 δὴ
599 1119 869 1175 εἰώθασιν
917 1120 1339 1186 ἐνσκευάζεσθαι
1379 1121 1437 1174 οἱ
1472 1117 1775 1190 ἀποδιδρά-

90 1224 340 1278 σκοντες,
390 1207 483 1262 καὶ
521 1205 582 1263 τὸ
624 1210 805 1278 σχῆμα
841 1205 903 1263 τὸ
944 1209 1153 1262 σαυτοῦ
1194 1205 1548 1277 μεταλλάξας·
1588 1205 1674 1262 ὅτι
1713 1205 1775 1262 δὲ

7 1322 9 1324 ’
91 1297 273 1368 γέρων
326 1293 468 1367 ἀνὴρ
528 1298 763 1366 σμικροῦ
818 1293 1028 1366 χρόνου
1076 1296 1152 1370 τῷ
1200 1298 1302 1368 βίω
1348 1297 1547 1350 λοιποῦ
1594 1292 1773 1363 ὄντος,

95 1381 170 1450 ὡς
220 1381 283 1438 τὸ
340 1382 510 1453 εἰκός,
544 1383 554 1456 Ι
588 1382 889 1454 ἐτόλμησας
950 1380 1127 1447 οὕτως
1187 1385 1426 1454 αἰσχρῶς
1482 1385 1827 1454 έπιθυμεΐνΕ

97 1475 211 1542 ζῆν,
250 1471 460 1541 νόμους
497 1468 628 1535 τοὺς
666 1474 956 1540 μεγίστους
991 1469 1270 1542 παραβάς,
1312 1467 1498 1536 οὐδεὶς
1538 1467 1599 1536 ὃς
1638 1472 1773 1542 ἐρεῖς

95 1567 251 1630 ἴσως,
297 1555 369 1615 ἄν
407 1556 481 1629 μή
519 1579 644 1614 τινα
683 1560 878 1630 λυπῇς·
927 1560 977 1613 εἰ
1023 1558 1085 1613 δὲ
1123 1558 1224 1629 μή,
1272 1558 1526 1630 ἀκούσει,
1566 1552 1610 1615 ὦ
1651 1558 1775 1615 Σώ-

93 1667 310 1719 κρατες,
361 1644 539 1702 πολλὰ
585 1646 675 1701 καὶ
730 1643 933 1710 ἀνάξια
987 1648 1210 1701 σαυτοῦ.
1285 1643 1659 1718 ὑπερχόμενος
1703 1646 1773 1718 δὴ

95 1734 285 1804 βιώσει
323 1732 532 1799 πάντας
569 1731 907 1804 ἀνθρώπους
943 1732 1036 1787 καὶ
1076 1732 1361 1789 δουλεύων
1383 1739 1538 1791 -τί
1569 1738 1774 1802 ποιῶν,

94 1819 129 1893 ἢ
171 1819 554 1893 εὐωχούμενος
592 1822 653 1876 ἐν
691 1823 982 1893 Θετταλίᾳ,
1022 1818 1204 1893 ὥσπερ
1252 1821 1338 1877 ἐπὶ
1378 1825 1607 1878 δεῖπνον
1645 1821 1774 1878 ἀπο-

97 1907 415 1980 δεδημηκώς
461 1911 539 1973 είς
585 1911 909 1974 Θετταλίαν,
964 1906 1122 1977 λόγοι
1177 1907 1239 1964 δὲ
1293 1911 1494 1965 ἐκεῖνοι
1548 1911 1606 1965 οἷ
1651 1909 1775 1982 περὶ

98 1995 455 2065 δικαιοσύνης
491 2015 550 2050 τε
586 1995 678 2049 καὶ
715 1997 813 2065 τῆς
844 1993 1013 2065 ἄλλης
1044 1993 1240 2067 ἀρετῆς
1269 1999 1378 2052 ποῦ
1410 1994 1544 2068 ἡμῖν
1577 1995 1587 2070 Ι
1621 2000 1774 2053 ἔσον-
1791 2012 1843 2053 54

96 2106 211 2150 ται;
274 2080 412 2137 ἀλλὰ
467 2080 537 2152 δὴ
591 2084 704 2137 τῶν
762 2085 978 2137 παίδων
1033 2083 1192 2138 ἕνεκα
1245 2083 1434 2153 βούλει
1497 2087 1619 2155 ζῆν,
1681 2086 1775 2139 ἵνα

99 2168 301 2235 αὐτοὺς
340 2170 613 2242 ἐκθρέψῃς
650 2168 741 2223 καὶ
779 2169 1105 2242 παιδεύσῃς,
1144 2174 1202 2226 τί
1237 2171 1302 2226 δέ
1311 2196 1322 2237 ;
1364 2175 1442 2237 εἰς
1476 2177 1775 2228 Θετταλίαν

99 2255 303 2322 αὐτοὺς
362 2255 586 2327 ἄγαγε-ὸν
647 2257 876 2328 θρέψεις
932 2278 989 2312 τε
1040 2257 1132 2312 καὶ
1186 2259 1523 2330 παιδεύσεις,
1586 2261 1776 2327 ξένους

98 2344 355 2417 ποιήσας,
402 2347 496 2399 ἵνα
541 2344 632 2399 καὶ
677 2347 842 2400 τοῦτο
896 2342 1313 2414 ἄπολαύσωσιν;
1368 2342 1403 2417 ἢ
1456 2350 1620 2403 τοῦτο
1675 2347 1776 2420 μὲν

44 2422 57 2434 ”
101 2431 186 2503 οῦ,
219 2431 392 2487 αὐτοῦ
432 2431 494 2488 δὲ
530 2431 864 2504 τρεφόμενοι
903 2434 1007 2488 σοῦ
1048 2434 1247 2499 ζῶντος
1285 2435 1504 2503 βέλτιον
1534 2436 1776 2507 θρέψον-

99 2542 187 2575 ται
218 2519 310 2574 καὶ
340 2518 753 2590 παιδεύσονται,
793 2518 866 2591 μὴ
899 2520 1163 2586 ξυνόντος
1195 2523 1298 2576 σοῦ
1332 2518 1545 2589 αύτοῖς;
1586 2524 1644 2578 οἱ
1670 2522 1775 2595 γὰρ

102 2606 398 2678 ἐπιτήδειοι
437 2608 495 2661 οἷ
529 2606 620 2662 σοὶ
659 2606 1079 2678 ἐπιμελήσονται
1126 2605 1326 2664 αὐτῶν.
1401 2608 1639 2681 πότερον
1678 2609 1776 2666 ἐὰν

14 2753 21 2760 ,
101 2698 178 2759 εἰς
216 2697 516 2749 Θετταλίαν
555 2691 941 2767 ἄποδημήσῃς,
982 2694 1420 2767 ἐπιμελήσονται,
1461 2695 1560 2753 ἐὰν
1600 2696 1661 2752 δὲ
1700 2699 1778 2762 εἰς

91 2778 285 2836 ’Ἅιδου
331 2777 714 2853 άποδημήσῃς,
762 2780 886 2853 οὐχὶ
934 2782 1377 2853 ἐπιμελήσονται;
1429 2790 1578 2854 εἴπερ
1625 2785 1692 2854 γέ
1725 2804 1778 2838 τι

189 2876 325 2909 mmo
351 2876 372 2907 1
1480 2876 1505 2911 6
