2020 3198
101 174 158 214 47
777 171 1116 216 ΚΡΑΤΤΛΟΣ.
1667 173 1701 225 2
1706 173 1739 225 2
1747 174 1774 224 l

101 295 511 356 συμφωνοῦσιν.
598 287 627 340 ὁ
673 285 774 356 μὲν
819 290 924 358 γὰρ
968 292 1051 352 τίς
1097 304 1271 359 φησιν
1314 298 1478 344 τοῦτο
1518 287 1660 345 εἶναι
1700 293 1781 344 δί-

40 404 51 407 -
99 394 283 442 καιον,
347 375 445 428 τὸν
504 375 685 442 ἥλιον·
746 384 945 429 τοῦτον
997 378 1102 446 γὰρ
1157 380 1332 445 μόνον
1387 380 1637 441 διαϊόντα
1690 378 1780 432 καὶ

99 463 303 516 κάοντα
349 462 723 532 ἐπιτροπεύειν
771 465 837 517 τὰ
890 465 1034 517 ὄντα.
1112 464 1333 518 ἐπειδὰν
1385 452 1488 520 οὖν
1525 487 1601 540 τω
1641 467 1780 536 λέγω

97 550 234 603 αὐτὸ
287 551 520 618 ἄσμενος
566 551 640 613 ὡς
691 553 861 604 καλόν
915 570 968 604 τι
1014 551 1284 620 ἀκηκοώς,
1339 558 1610 626 καταγελᾷ
1673 573 1781 623 μου

99 633 263 700 οὗτος
323 637 561 701 ἀκούσας
620 637 712 691 καὶ
766 638 964 709 ἐρωτᾷ,
1029 640 1080 692 εἰ
1132 638 1299 693 οὐδὲν
1356 643 1572 695 δίκαιον
1629 638 1782 710 οἶμαι

99 722 243 778 εἷναι
281 724 342 778 ἐν
378 735 494 789 τοῖς
531 726 867 796 ἀνθρώποις,
907 726 1129 780 ἐπειδὰν
1169 728 1198 781 ὁ
1237 729 1391 796 ἥλιος
1431 730 1553 799 δύῃ.
1625 734 1782 783 λιπα-

100 820 332 883 ροῦντος
371 809 474 866 οὗν
511 812 646 882 ἐμοῦ
678 813 761 866 ὅτι
799 810 870 868 αὖ
903 814 1108 878 ἐκεῖνος
1144 815 1149 885 Ι
1185 815 1349 884 λέγει,
1391 816 1525 869 αὐτὸ
1567 818 1628 870 τὸ
1668 825 1779 887 πῦρ
1814 821 1845 865 C

99 914 296 970 φησιν·
362 908 525 955 τοῦτο
578 898 638 954 δὲ
689 901 756 954 οὐ
804 901 999 973 ῥᾴδιόν
1054 902 1202 956 ἐστιν
1242 902 1469 956 εἰδέναι·
1510 904 1539 957 ὁ
1581 901 1641 957 δὲ
1681 905 1783 958 οὐκ

100 988 235 1041 αὐτὸ
280 990 341 1040 τὸ
387 996 498 1059 πῦρ
545 1002 741 1057 φησιν,
789 985 907 1042 ἀλλ’
951 989 1083 1043 αὐτὸ
1130 991 1190 1042 τὸ
1237 993 1450 1061 θερμὸν
1497 993 1559 1044 τὸ
1609 991 1669 1045 ἐν
1707 999 1782 1064 τςό

99 1074 235 1146 πυρὶ
274 1075 414 1128 ἐνόν.
478 1075 506 1127 ὁ
540 1073 599 1128 δὲ
629 1076 841 1128 τούτων
872 1074 972 1144 μὲν
1002 1078 1224 1131 πάντων
1255 1082 1559 1145 καταγελᾶν
1591 1092 1780 1147 φησιν.

100 1159 246 1216 εἶναι
291 1160 350 1215 δὲ
397 1164 457 1215 τὸ
510 1164 724 1216 δίκαιον
771 1163 800 1216 ὃ
847 1163 993 1231 λέγει
1026 1163 1414 1235 Ἀναξαγόρας,
1464 1174 1602 1219 νοῦν
1641 1162 1783 1219 εἶναι

101 1258 264 1327 τοῦτο
283 1267 295 1279 ·
335 1250 709 1321 αὐτοκράτορα
739 1252 845 1320 γὰρ
877 1252 1046 1305 αὐτὸν
1086 1254 1218 1305 ὄντα
1248 1252 1340 1305 καὶ
1373 1252 1563 1305 οὐδενὶ
1595 1272 1783 1322 μεμιγ-

98 1337 270 1407 μένον
315 1339 491 1391 πάντα
537 1336 708 1406 φησὶν
755 1338 924 1391 αὐτὸν
967 1349 1194 1408 κοσμεῖν
1243 1341 1308 1392 τὰ
1360 1340 1651 1410 πράγματα
1691 1342 1783 1394 διὰ

101 1427 322 1479 πάντων
378 1427 545 1478 ἰόντα.
631 1424 874 1478 ἐνταῦθα
928 1427 995 1495 δὴ
1044 1426 1177 1494 ἐγώ,
1233 1423 1275 1480 ὦ
1323 1430 1476 1495 φίλε,
1532 1430 1675 1481 πολὺ
1723 1427 1783 1481 ἐν

101 1516 316 1566 πλείονι
376 1513 578 1583 ἀπορία
637 1512 748 1582 εἰμὶ
808 1513 841 1581 ἢ
895 1513 1027 1584 πρὶν
1082 1514 1419 1585 ἐπιχειρῆσαι
1473 1515 1782 1584 μανθάνειν

103 1599 227 1671 περὶ
276 1607 375 1652 τοῦ
426 1600 666 1667 δικαίου,
711 1601 795 1653 ὅτι
843 1599 965 1654 ποτ’
1022 1602 1184 1654 ἔστιν.
1228 1600 1234 1671 Ι
1278 1599 1397 1655 ἀλλ’
1453 1599 1556 1656 οὗν
1611 1599 1782 1673 οὗπερ
1813 1616 1855 1659 D

103 1687 261 1741 ἕνεκα
306 1686 670 1756 ἐσκοποῦμεν,
717 1690 778 1740 τό
826 1708 886 1756 γε
926 1690 1098 1757 ὄνομα
1137 1697 1300 1742 τοῦτο
1341 1693 1594 1759 φαίνεται
1634 1692 1780 1762 αὐτῷ

105 1777 197 1828 διὰ
234 1782 402 1828 ταῦτα
439 1781 674 1828 κεῖσθαι.

250 1862 413 1915 ΕΡΜ.
488 1864 679 1915 Φαίνει
718 1883 828 1931 μοι,
870 1860 911 1916 ὦ
951 1865 1258 1933 Σώκρατες,
1298 1872 1468 1918 ταῦτα
1508 1863 1608 1934 μὲν
1648 1865 1780 1936 ἀκη-

102 1949 290 2003 κοέναι
328 1969 427 2002 του
464 1948 556 2002 καὶ
595 1950 697 2003 οὐκ
736 1951 1188 2020 αὐτοσχεδιάζειν.

254 2036 368 2089 ΣΩ.
438 2041 508 2090 Τί
543 2035 602 2091 δὲ
642 2034 832 2102 τάλλα;

250 2125 415 2178 ΕΡΜ.
474 2126 556 2178 Οὐ
588 2128 748 2179 πάνυ.

252 2211 500 2264 XXVIII.
579 2212 694 2265 ΣΩ.
749 2213 945 2267 ’Ἀκουε
993 2216 1085 2282 δή·
1142 2220 1271 2277 ἴσως
1318 2217 1422 2286 γὰρ
1469 2217 1538 2269 ἄν
1584 2230 1644 2270 σε
1690 2215 1780 2270 καὶ

101 2301 169 2351 τὰ
231 2298 482 2351 ἐπίλοιπα
543 2298 956 2369 ἐξαπατήσαιμι,
1019 2302 1092 2364 ὡς
1153 2302 1255 2354 οὐκ
1316 2302 1562 2370 ἀκηκοὼς
1621 2303 1780 2371 λέγω.

105 2387 236 2455 μετὰ
297 2387 400 2456 γὰρ
464 2388 823 2456 δικαιοσύνην
882 2390 941 2440 τί
986 2388 1119 2457 ἡμῖν
1172 2392 1433 2454 λείπεται;
1499 2391 1780 2461 ἀνδρείαν,

105 2469 282 2542 οἶμαι,
329 2475 480 2527 οὔπω
529 2477 845 2545 διήλθομεν.
932 2476 1115 2530 ἀδικία
1169 2475 1269 2545 μὲν
1318 2479 1422 2548 γὰρ
1478 2479 1649 2546 δῆλον
1697 2479 1782 2531 ὅτι

103 2559 254 2612 ἐστὶν
310 2562 479 2624 ὅντως
533 2562 838 2632 ἐμπόδισμα
890 2573 989 2617 τοῦ
1032 2564 1037 2634 Ι
1081 2567 1381 2634 διαϊόντος,
1437 2566 1664 2635 ἀνδρειά
1721 2564 1782 2619 δὲ
1812 2574 1849 2617 Ε

106 2650 382 2715 σημαίνει,
434 2649 506 2710 ὡς
549 2649 608 2701 ἐν
657 2652 798 2720 μάχῃ
850 2651 1318 2721 ἐπονομαζομένης
1362 2662 1457 2721 τῆς
1504 2654 1780 2723 ἀνδρείας·

105 2736 283 2803 μάχην
331 2731 381 2787 δ’
433 2731 574 2788 εἶναι
619 2736 679 2789 ἐν
724 2746 799 2810 τῷ
847 2740 988 2807 ὄντι,
1045 2745 1194 2810 εἴπερ
1239 2742 1351 2811 ῥεῖ,
1401 2742 1502 2794 οὐκ
1550 2743 1682 2794 ἄλλο
1729 2760 1781 2793 τι

106 2820 139 2889 ἢ
177 2822 278 2889 τὴν
318 2821 572 2875 ἐναντίαν
612 2823 771 2893 ῥοήν·
811 2825 906 2879 ἐὰν
946 2823 1048 2879 οὗν
1086 2847 1167 2889 τις
1206 2827 1357 2897 ἐξέλῃ
1392 2830 1453 2881 τὸ
1490 2828 1649 2880 δέλτα
1681 2836 1779 2880 τοῦ
