2020 3198
269 131 375 184 114
935 131 1273 178 ΠΛΑΤῼΝΟΣ

256 269 359 305 του
398 247 861 322 ὡμολογήσαμεν,
905 249 969 306 τὸ
1016 254 1313 322 γίγνεσθαι
1349 253 1462 307 πᾶν
1498 249 1562 306 τὸ
1603 253 1709 318 ζῶν
1747 252 1808 308 ἐκ
1842 254 1945 308 τοῦ

256 340 578 404 τεθνεῶτος.
653 341 705 394 εἰ
754 337 865 412 γὰρ
919 342 1033 394 ἔστι
1086 338 1187 410 μὲν
1241 323 1300 410 ἡ”
1322 337 1470 410 ψυχὴ
1516 339 1610 394 καὶ
1653 337 1943 413 πρότερον,

198 422 471 498 Βάνάγκη
512 426 575 483 δὲ
607 425 616 500 Ι
650 424 789 500 αὐτῇ
837 429 915 492 εἰς
957 425 1021 482 τὸ
1070 429 1167 497 ζῆν
1214 425 1378 499 ἰούσῃ
1416 447 1474 482 τε
1510 427 1605 482 καὶ
1641 429 1942 500 γιγνομένῃ

256 513 589 586 μηδαμόθεν
635 512 880 571 ἄλλοθεν
925 511 961 586 ἢ
1009 516 1068 571 ἐκ
1111 513 1368 570 θανάτου
1403 515 1497 571 καὶ
1533 519 1635 571 τοῦ
1671 513 1944 572 τεθνάναι

255 607 579 674 γίγνεσθαι,
618 605 735 669 πῶς
773 601 878 658 οὐκ
915 600 1130 674 ἀνάγκη
1170 601 1373 674 αὐτήν,
1413 603 1507 658 καὶ
1546 601 1771 660 ἐπειδὰν
1808 601 1943 659 ἄπο-

254 689 436 764 θάνῃ,
483 688 653 762 εἶναι,
710 690 898 762 ἐπειδή
944 713 1008 763 γε
1054 695 1143 748 δεῖ
1185 685 1354 757 αὖθις
1399 689 1576 764 αὐτὴν
1620 696 1942 764 γίγνεσθαι;

254 776 641 834 ἀποδέδεικται
679 777 781 850 μὲν
821 772 926 834 οὖν
966 777 1100 852 ὅπερ
1139 780 1320 850 λέγετε
1356 779 1451 835 καὶ
1485 782 1609 837 νῦν.

400 868 593 923 XXIV.
655 864 834 938 Ὅμως
881 868 947 922 δέ
989 888 1084 938 μοι
1130 870 1312 933 δοκεῖς
1357 866 1428 924 σύ
1473 889 1531 924 τε
1566 869 1661 924 καὶ
1698 873 1943 941 Σιμμίας

253 951 431 1025 ἡδέως
468 951 542 1010 ἂν
580 954 674 1010 καὶ
711 957 913 1011 τοῦτον
960 955 1585 1029 διαπραγματεύσασθαι
1629 955 1731 1013 τὸν
1769 957 1941 1028 λόγον

254 1045 334 1097 ἔτι
372 1045 587 1113 μᾶλλον
625 1041 718 1096 καὶ
758 1043 1002 1098 δεδιέναι
1038 1041 1101 1099 τὸ
1139 1046 1252 1099 τῶν
1289 1047 1532 1115 παίδων,
1582 1043 1657 1116 μὴ
1697 1042 1772 1110 ὥς
1810 1043 1941 1116 ἄλη-

251 1132 374 1195 θῶς
427 1127 457 1186 ὅ
510 1127 714 1201 ἄνεμος
767 1128 944 1202 αὐτὴν
998 1132 1367 1202 ἐκβαίνουσαν
1422 1133 1482 1188 ἐκ
1531 1135 1634 1188 τοῦ
1689 1131 1940 1204 σώματος

199 1226 238 1271 Ε
257 1220 505 1289 διαφυσᾷ
535 1217 630 1273 καὶ
661 1217 1147 1290 διασκεδάννυσιν,
1171 1216 1352 1284 ἄλλως
1380 1240 1439 1275 τε
1471 1218 1481 1293 Ι
1513 1220 1606 1275 καὶ
1637 1218 1772 1276 ὅταν
1800 1221 1938 1295 τύχῃ
1971 1231 1974 1234 ”

249 1327 332 1373 τις
385 1304 458 1378 μὴ
515 1309 574 1362 έν
627 1311 892 1381 νηνεμίᾳ,
940 1304 1069 1363 ’ἀλλ’
1114 1309 1174 1363 ἐν
1229 1306 1447 1383 μεγάλω
1500 1307 1612 1364 τινὶ
1669 1307 1935 1380 πνεύματι

252 1393 667 1468 άποθνῄσκων.’
743 1395 837 1451 καὶ
891 1392 921 1450 ὅ
973 1395 1158 1467 Κέβης
1212 1395 1557 1467 ἐπιγελάσας·
1613 1393 1708 1463 εὥς
1760 1395 1935 1453 δεδιό-

250 1486 408 1555 των,’
458 1487 592 1556 ἔφη,
640 1476 704 1539 ’ὦ
739 1483 1064 1556 Σώκρατες,
1111 1487 1282 1556 πειρῶ
1329 1481 1677 1541 ἀναπείθειν·
1724 1487 1938 1556 μᾶλλον

252 1571 314 1628 δὲ
352 1570 426 1644 μὴ
466 1570 542 1638 ὡς
578 1569 739 1643 ἡμῶν
786 1571 1081 1642 δεδιότων,
1128 1570 1250 1627 ἀλλ’
1302 1578 1434 1638 ἴσως
1480 1576 1565 1629 ἔνι
1609 1593 1692 1639 τις
1735 1573 1830 1629 καὶ
1876 1575 1938 1630 ἐν

249 1657 385 1732 ἡμῖν
438 1669 592 1730 παῖς,
648 1657 798 1725 ὅστις
849 1658 916 1715 τὰ
969 1662 1199 1715 τοιαῦτα
1252 1664 1528 1731 φοβεῖται·
1580 1663 1784 1717 τοῦτον
1831 1653 1936 1717 οὖν

249 1746 572 1821 πειρώμεθα
617 1751 837 1803 πείθειν
890 1745 963 1819 μὴ
1011 1747 1255 1803 δεδιέναι
1306 1746 1406 1804 τὸν
1451 1745 1705 1804 θάνατον
1751 1747 1935 1822 ὥσπερ

248 1835 314 1892 τὰ
356 1836 765 1910 μορμολύκεια.’
836 1833 999 1892 εάλλὸι
1038 1835 1183 1909 χρή,’
1223 1840 1329 1908 ἔφη
1363 1834 1392 1892 ὁ
1425 1836 1751 1909 Σωκράτης,
1791 1838 1935 1913 (ἐπᾴ-

250 1928 370 1981 δειν
409 1923 560 2001 αὐτῷ
610 1923 840 1996 ἑκάστης
877 1921 1106 1997 ἡμέρας,
1154 1925 1255 1990 ἕως
1301 1921 1374 1980 ἂν
1414 1925 1739 1998 ἐξεπᾴσητε.’
1818 1926 1934 1984 επό-

171 2029 232 2070 >'18
249 2020 356 2068 θεν
395 2005 539 2083 οὖν,’
581 2015 713 2085 ἔφη’,
753 2005 818 2068 ‘03
858 2011 1177 2084 Σώκρατες,
1209 2012 1221 2085 Ι
1253 2014 1367 2068 τῶν
1403 2013 1674 2070 τοιούτων
1711 2011 1933 2086 ἀγαθὸν

250 2099 469 2176 ἐπῳδὸν
501 2100 815 2172 ληψόμεθα,
849 2099 1034 2171 ἐπειδὴ
1068 2099 1178 2170 σύ,’
1212 2104 1336 2172 ἔφη,
1374 2098 1538 2173 “ἡμᾶς
1574 2101 1932 2172 άπολείπεις;’

250 2190 444 2260 “πολλὴ
485 2189 587 2260 μὲν
618 2186 654 2260 ἡ
687 2187 919 2259 Ἑλλάς,’
960 2193 1085 2260 ἔφη,
1125 2182 1188 2245 (ὦ
1221 2190 1420 2260 Κέβης,
1461 2191 1521 2245 ἐν
1550 2182 1589 2262 ᾖ
1620 2194 1795 2247 ἔνεισί
1822 2211 1932 2249 που

249 2274 460 2346 ἀγαθοὶ
498 2275 718 2349 ἄνδρες,
758 2276 934 2332 πολλὰ
976 2277 1038 2333 δὲ
1075 2277 1165 2332 καὶ
1203 2276 1271 2332 τὰ
1305 2280 1417 2333 τῶν
1447 2277 1748 2350 βαρβάρων
1777 2280 1930 2352 γένη,

249 2360 348 2429 οὓς
408 2363 618 2430 πάντας
685 2363 788 2436 χρὴ
862 2368 1257 2436 διερευνᾶσθαι
1320 2367 1616 2435 ζητοῦντας
1672 2370 1930 2425 τοιοῦτον

249 2450 485 2526 ἐπῳδόν,
525 2450 660 2522 μήτε
697 2451 994 2523 χρημάτων
1033 2453 1401 2524 φειδομένους
1437 2452 1571 2524 μήτε
1608 2452 1817 2526 πόνων,
1856 2457 1931 2522 ὥς

249 2536 353 2595 οὐκ
391 2542 540 2594 ἔστιν
580 2541 658 2603 εἰς
698 2537 782 2594 ὅτι
821 2535 892 2595 ἂν
930 2538 1374 2613 άναγκαιότερον
1414 2538 1763 2599 άναλίσκοιτε
1799 2543 1929 2617 χρή-

248 2648 405 2698 ματα.
483 2630 660 2697 ζητεῖν
700 2626 763 2682 δὲ
800 2626 903 2699 χρὴ
943 2628 1036 2682 καὶ
1075 2626 1280 2693 αὐτοὺς
1316 2627 1432 2699 μετ’
1475 2627 1751 2702 ἀλλήλων·
1798 2638 1930 2698 ἴσως

248 2714 356 2787 γὰρ
395 2711 468 2770 ὄὶν
505 2712 638 2770 οὐδὲ
670 2716 877 2789 ῥᾳδίως
908 2714 1122 2788 εὕροιτε
1152 2719 1363 2787 μᾶλλον
1394 2715 1552 2789 ὑμῶν
1586 2720 1929 2790 δυναμένους

246 2805 412 2859 τοῦτο
452 2804 667 2859 ποιεῖν’
746 2801 905 2859 ξοἷλλόε
953 2806 1124 2859 ταῦτα
1169 2803 1272 2875 μὲν
1313 2804 1381 2877 δή
1393 2806 1429 2875 ,’
1469 2810 1599 2878 ἔφη,
1641 2804 1927 2882 (ὑπάρξειξ
