2020 3198
815 120 1054 165 ΦΑΙΔΩΝ.
1674 118 1780 171 145

242 241 459 296 XLVII.
529 236 658 294 Ἀπὸ
706 236 776 308 δὴ
822 238 1149 307 θαυμαστῆς
1196 238 1440 307 ἐλπίδος,
1488 228 1532 292 ὦ
1580 235 1779 309 ἑταῖρε,

53 326 320 402 -ῷχόμην
388 326 719 400 φερόμενος,
790 323 976 395 ἐπειδὴ
1039 322 1254 396 προϊών
1314 323 1407 379 καὶ
1469 320 1779 394 ἀναγιγνώ-

97 430 246 470 σκων
293 412 405 486 ὁρῶ
453 413 635 486 ἄνδρα
686 414 761 487 τῷ
809 412 910 483 μὲν
965 414 1044 487 νῷ
1094 408 1263 466 οὐδὲν
1311 409 1598 483 χρώμενον
1647 410 1784 467 οὐδέ

95 524 250 567 τινας
310 505 486 568 αἰτίας
546 501 941 572 έπαιτιιόμενον
1009 502 1088 564 εἰς
1154 497 1216 555 τὸ
1267 505 1274 565 Ι
1325 502 1647 570 διακοσμεῖν
1711 496 1832 554 τὰΟ

95 589 411 662 πράγματα,
465 587 629 661 ἀέρας
682 588 745 645 δὲ
794 588 888 644 καὶ
935 588 1171 659 αἰθέρας,
1217 586 1308 642 καὶ
1361 585 1548 642 ὕδατα
1596 586 1781 642 αἰτιώ-

97 698 269 748 μενον
315 677 408 732 καὶ
461 675 601 733 ἄλλα
654 674 830 732 πολλὰ
886 675 977 731 καὶ
1025 674 1215 731 ἄτοπα.
1291 678 1389 730 καί
1439 696 1533 745 μοι
1589 676 1780 740 ἔδοξεν

99 763 427 835 ὁμοιότατον
471 763 832 834 πεπονθέναι,
873 761 1055 834 ὥσπερ
1104 759 1176 817 ἄν
1226 769 1281 817 εἴ
1317 783 1401 827 τις
1445 763 1648 832 λέγων,
1696 760 1782 818 ὅτι

99 851 399 924 Σωκράτης
441 851 649 922 πάντα,
695 849 798 907 ὅσα
844 851 1091 922 πράττει,
1138 854 1218 924 νῷ
1259 849 1506 922 πράττει,
1553 848 1783 906 κᾶπειτα

98 938 444 1011 ἐπιχειρήσας
496 939 678 1010 λέγειν
731 938 828 1005 τὰς
881 942 1058 1002 αἰτίας
1112 937 1357 993 ἑκάστων
1412 930 1494 993 ὧν
1543 939 1782 1009 πράττω,

98 1028 250 1098 λέγοι
287 1029 508 1099 πρῶτον
554 1027 681 1098 μέν,
732 1025 816 1081 ὅτι
864 1024 956 1081 διὰ
1002 1028 1174 1080 ταῦτα
1212 1027 1321 1080 νῦν
1363 1024 1570 1080 ἐνθάδε
1608 1025 1782 1097 κάθη-

99 1138 221 1187 μαι,
269 1113 355 1171 gn
401 1114 686 1185 σύγκειταί
727 1135 837 1184 μου
880 1112 941 1168 τὸ
991 1116 1149 1184 σῶμα
1188 1113 1242 1180 ἐξ
1283 1110 1491 1168 ὀστέων
1529 1113 1620 1168 καὶ
1661 1113 1785 1169 νεύ-

100 1225 241 1275 ρων,
286 1202 377 1258 καὶ
416 1200 482 1257 τὰ
521 1201 621 1272 μὲν
662 1200 796 1256 ὀστᾶ
845 1202 995 1256 ἐστιν
1035 1199 1224 1271 στερεὰ
1263 1200 1356 1255 καὶ
1397 1200 1636 1271 διαφυὰς
1675 1204 1785 1272 ἔχει

100 1291 266 1362 χωρὶς
315 1288 407 1345 ἀπ’
460 1287 741 1361 ἀλλήλων,
802 1287 870 1344 τὰ
923 1287 985 1344 δὲ
1038 1291 1211 1359 νεῦρα
1266 1283 1357 1344 οἷα
1411 1290 1782 1344 ἐπιτείνεσθαι

103 1378 227 1451 Ικαὶ
267 1374 544 1447 ἀνίεσθαι,
582 1377 1020 1449 περιαμπέχοντα
1057 1374 1123 1431 τὰ
1165 1373 1299 1431 ὀστᾶ
1339 1375 1471 1448 μετὰ
1503 1378 1618 1431 τῶν
1655 1387 1840 1449 σαρ-Ι)

100 1469 215 1521 κῶν
251 1465 343 1520 καὶ
383 1466 667 1536 δέρματος,
707 1461 738 1519 ὃ
778 1464 996 1534 συνέχει
1036 1460 1196 1518 αὐτά·
1238 1465 1639 1535 αἰωρουμένων
1678 1458 1784 1520 οὖν

100 1556 212 1609 τῶν
265 1551 472 1608 ὀστέων
521 1553 582 1608 ἐν
629 1562 748 1617 ταῖς
806 1549 990 1607 αὐτῶν
1047 1551 1342 1622 ξυμβολαῖς
1392 1554 1644 1622 χαλῶντα
1692 1554 1782 1608 καὶ

102 1644 461 1698 συντείνοντα
527 1637 594 1695 τὰ
653 1641 823 1711 νεῦρα
883 1640 1234 1710 κάμπτεσθαί
1290 1657 1399 1695 που
1456 1649 1607 1695 ποιεῖ
1663 1636 1786 1696 οἷόν

100 1727 147 1784 τ’
190 1727 334 1786 εἶναι
366 1729 459 1800 ἐμὲ
497 1730 605 1783 νῦν
641 1725 708 1782 τὰ
747 1728 908 1798 μέλη,
945 1727 1038 1783 καὶ
1079 1727 1171 1782 διὰ
1211 1727 1419 1799 ταύτην
1458 1725 1561 1799 τὴν
1600 1731 1785 1784 αἰτίαν

103 1816 486 1888 συγκαμφθεὶς
533 1813 738 1870 ἐνθάδε
782 1816 1053 1886 κάθημαι·
1100 1815 1193 1870 καὶ
1240 1810 1312 1870 αὖ
1358 1816 1482 1885 περὶ
1528 1819 1630 1870 τοῦ
1670 1819 1787 1871 δια-

103 1906 364 1975 λέγεσθαι
413 1902 548 1974 ὑμῖν
598 1903 782 1975 ἑτέρας
834 1902 1092 1967 τοιαύτας
1140 1906 1316 1968 αἰτίας
1362 1904 1539 1973 λέγοι,
1595 1904 1788 1973 φωνάς

103 2014 159 2047 τε
198 1992 290 2047 καὶ
328 1990 494 2063 ἀέρας
531 1990 622 2045 καὶ
662 1987 833 2055 ἀκοὰς
870 1990 962 2044 καὶ
1001 1988 1140 2045 ἄλλα
1179 1994 1349 2061 μυρία
1386 1992 1614 2046 τοιαῦτα
1654 1994 1789 2046 αἰτι-

105 2079 332 2151 ώμενος,
371 2076 645 2150 ἀμελήσας
681 2076 778 2142 τὰς
816 2075 888 2142 ὡς
921 2077 929 2151 Ι
964 2075 1189 2148 ἀληθῶς
1228 2080 1404 2141 αἰτίας
1442 2078 1641 2148 λέγειν,
1682 2076 1839 2150 ὅτι,Ε

106 2165 291 2237 ἐπειδὴ
335 2164 654 2236 Ἀθηναίοις
700 2165 853 2231 ἔδοξε
907 2166 1126 2234 βέλτιον
1174 2162 1317 2220 εἶναι
1365 2165 1501 2235 ἐμοῦ
1547 2177 1790 2237 καταψη-

108 2260 402 2326 φίσασθαι,
443 2254 536 2309 διὰ
576 2256 748 2308 ταῦτα
789 2254 857 2323 δὴ
895 2253 987 2308 καὶ
1026 2253 1148 2324 ἐμοὶ
1179 2254 1399 2324 βέλτιον
1430 2247 1502 2309 αὖ
1535 2254 1789 2309 δέδοκται

107 2341 314 2398 ἐνθάδε
337 2343 643 2412 καθῆσθαι,
666 2340 756 2394 καὶ
784 2339 1131 2412 δικαιότερον
1153 2341 1543 2413 παραμένοντα
1567 2339 1790 2412 ὑπέχειν

106 2429 208 2501 τὴν
247 2434 435 2500 δίκην,
484 2425 558 2499 ἣν
596 2424 670 2483 ἀν
707 2427 1062 2483 κελεύσωσιν·
1111 2428 1225 2483 ἐπεὶ
1263 2426 1333 2499 νὴ
1372 2426 1472 2484 τόν
1508 2427 1675 2498 κύνα,
1716 2426 1791 2493 ὡς

109 2511 338 2588 έγῶμαι,
383 2515 552 2571 πάλαι
598 2512 671 2571 ὀὶν
705 2516 711 2588 Ι
745 2518 915 2571 ταῦτα
960 2514 1026 2571 τὰ
1081 2517 1254 2586 νεῦρά
1301 2537 1359 2571 τε
1404 2515 1495 2570 καὶ
1541 2514 1607 2570 τὰ
1654 2513 1787 2571 ὀστᾶ
1807 2533 1863 2573 99

106 2603 141 2675 ἢ
181 2604 304 2676 περὶ
345 2604 578 2675 Μέγαρα
617 2601 651 2674 ἢ
692 2601 973 2668 Βοιωτοὺς
1010 2596 1107 2674 ἦν,
1158 2600 1265 2658 ὑπὸ
1308 2602 1472 2673 δόξης
1510 2603 1790 2675 φερόμενα

106 2695 208 2747 τοῦ
247 2694 561 2762 βελτίστου,
609 2693 660 2745 εἰ
703 2690 775 2762 μὴ
825 2690 1170 2762 δικαιότερον
1219 2689 1376 2765 ᾤ’μην
1422 2691 1512 2746 καὶ
1559 2690 1790 2746 κάλλιον

107 2778 252 2835 εἶναι
290 2777 395 2850 πρὸ
442 2785 544 2833 τοῦ
589 2777 818 2848 φεύγειν
862 2799 921 2834 τε
965 2779 1057 2833 καὶ
1096 2777 1528 2850 ἀποδιδράσκειν
1565 2775 1790 2848 ὑπέχειν

195 2875 333 2908 Pnuo
357 2874 378 2907 1
1462 2870 1514 2909 10
