2020 3198
747 162 1098 206 ΕΤΘΤΦΡΩΝ.
1691 157 1762 209 25

82 282 141 337 οἱ
173 279 332 352 λόγοι
372 285 682 352 φαίνωνται
722 277 796 349 μὴ
830 278 1089 349 μένοντες
1126 275 1266 332 ἀλλὰ
1299 280 1630 347 βαδίζοντες,
1669 273 1762 329 καὶ

0 387 39 430 ζ-
83 368 174 439 ἐμὲ
213 367 447 424 αἰτιάσει
485 367 586 424 τὸν
626 370 918 422 Δαίδαλον
956 369 1280 435 βαδίζοντας
1319 361 1524 429 αὐτοὺς
1560 373 1761 432 ποιεῖν,

82 453 249 522 αὐτὸς
303 453 382 511 ῶν
437 454 580 511 πολύ
634 476 697 526 γε
743 453 1132 526 τεχνικώτερος
1175 455 1277 507 τοῦ
1326 450 1617 506 Δαιδάλου
1669 450 1763 504 καὶ

81 542 264 618 κύκλῳ
308 551 591 617 περιιόντα
647 545 851 609 ποιῶν;
891 538 927 612 ἢ
961 539 1064 597 οὐκ
1095 538 1373 609 αἰσθάνει,
1415 537 1499 594 ὅτι
1536 536 1565 593 ὁ
1598 537 1764 608 λόγος

81 628 216 701 ἡμῖν
268 629 582 703 περιελθών
637 629 804 685 πάλιν
867 632 943 695 εἰς
995 626 1201 684 ταύτὸν
1245 627 1250 701 Ι
1291 625 1435 698 ἥκεις
1490 627 1815 698 μέμνησαιΟ

82 717 188 790 γάρ
234 737 368 788 που,
420 715 505 773 ὅτι
551 719 610 773 ἐν
657 721 732 794 τῷ
781 722 1097 789 ἔμπροσθεν
1142 714 1204 771 τό
1250 736 1309 770 τε
1355 712 1516 770 ὅσιον
1561 714 1653 770 καὶ
1698 712 1761 769 τὸ

82 806 343 878 θεοφιλὲς
382 805 450 861 οὐ
489 804 697 861 ταύτὸν
732 803 867 878 ἡμῖν
901 804 1098 877 ἐφάνη,
1138 801 1258 859 ἀλλ’
1296 805 1453 875 ἕτερα
1483 801 1762 873 ἀλλήλων·

84 891 117 964 ἢ
155 893 225 950 ού
264 895 561 966 μέμνησαι;

229 991 370 1035 ΕΤΘ.
436 982 663 1054 ’Έγωγε

230 1077 325 1124 ΣΩ.
402 1074 533 1126 Νῦν
582 1063 687 1126 οὖν
737 1068 838 1125 οὐκ
898 1071 1130 1139 ἐννοεῖς,
1188 1067 1273 1125 ὅτι
1326 1067 1388 1123 τὸ
1443 1080 1559 1134 τοῖς
1610 1077 1766 1134 θεοῖς

85 1163 252 1229 φίλον
292 1157 403 1231 φῂς
443 1156 601 1214 ὅσιον
641 1156 809 1226 εἷναι;
862 1161 1027 1214 τοῦτο
1069 1156 1120 1213 δ’
1166 1157 1300 1212 ἄλλο
1340 1178 1393 1212 τι
1430 1155 1465 1228 ἢ
1504 1156 1771 1228 θεοφιλὲς

84 1251 351 1317 γίγνεται”
390 1241 428 1316 ἢ
468 1244 563 1312 οὔ;

231 1342 370 1386 ΕΤΘ.
454 1333 623 1389 Πάνυ
661 1355 738 1404 γε.

232 1429 328 1472 ΣΩ.
409 1418 634 1476 Οὐκοῦν
676 1418 711 1492 ἢ
753 1419 878 1494 ἄρτι
918 1418 987 1476 οὐ
1031 1424 1211 1486 καλῶς
1258 1418 1683 1492 ὡμολογοῦμεν,
1730 1404 1766 1491 ἦ

87 1513 136 1565 εί
172 1508 295 1564 τότε
332 1511 527 1577 καλῶς,
567 1512 678 1564 νῦν
720 1507 823 1564 οὐκ
863 1507 1051 1581 ὀρθῶς
1088 1508 1374 1579 τιθέμεθα.

232 1604 372 1650 ΕΤΘ.
438 1595 674 1652 ’Ἑοικεν.
857 1666 866 1678 ·

234 1687 351 1741 XX.
428 1693 523 1736 ΣΩ.
595 1682 683 1750 Ἐξ
730 1683 903 1756 ἀρχῆς
949 1682 1056 1755 ἄρα
1095 1682 1228 1754 ἡμῖν
1268 1682 1435 1739 πάλιν
1487 1685 1766 1754 σκεπτέον,

89 1779 143 1829 τί
179 1776 291 1830 ἐστι
330 1771 391 1828 τὸ
435 1770 618 1828 ὅσιον·
659 1769 733 1837 ὥς
773 1771 896 1842 ἐγώ,
936 1772 1067 1844 πρὶν
1108 1770 1179 1827 ἂν
1219 1771 1402 1842 μάθω,
1443 1771 1584 1828 ἑκὼν
1624 1771 1767 1828 εἶναι

89 1861 191 1918 οὐκ
229 1859 618 1926 ἀποδειλιάσω.
653 1861 661 1931 Ι
696 1858 836 1915 ἀλλὰ
876 1859 949 1930 μή
993 1881 1058 1930 με
1098 1858 1383 1932 ἀτιμάσῃς,
1423 1859 1561 1916 ἀλλὰ
1602 1861 1823 1916 παντὶΙ)

87 1948 271 2022 τρόπῳ
310 1950 596 2022 προσέχων
635 1946 733 2003 τὸν
771 1950 913 2002 νοῦν
962 1947 1046 2003 ὅτι
1092 1947 1327 2018 μάλιστα
1364 1951 1472 2004 νῦν
1512 1948 1627 2004 εἰπὲ
1664 1947 1767 2020 τὴν

89 2035 377 2108 ἀλήθειαν.
455 2034 625 2092 οἶσθα
677 2035 812 2106 γάρ,
875 2041 1026 2107 εἴπερ
1079 2057 1162 2101 τις
1215 2034 1380 2100 ἄλλος
1431 2034 1766 2109 ἀνθρώπων,

88 2125 181 2180 καὶ
221 2123 321 2180 οὐκ
360 2122 589 2195 ἀφετέος
629 2120 695 2193 εἷ,
736 2121 918 2194 ῶσπερ
952 2120 981 2177 ὁ
1014 2122 1296 2195 Πρωτεύς,
1332 2122 1464 2194 πρὶν
1496 2120 1567 2179 ὃὶν
1599 2131 1767 2197 εἴπῃς.

92 2216 140 2268 εἰ
183 2212 291 2285 γὰρ
339 2210 412 2283 μὴ
459 2210 687 2282 ᾔδησθα
733 2214 924 2281 σαφῶς
967 2210 1031 2266 τό
1079 2232 1136 2266 τε
1187 2209 1346 2266 ὅσιον
1391 2212 1483 2267 καὶ
1527 2210 1589 2268 τὸ
1637 2210 1767 2269 άνό-

91 2316 233 2371 σιον,
274 2297 378 2356 οὐκ
417 2303 565 2354 ἔστιν
605 2297 753 2363 ὅπως
799 2296 871 2353 ἄν
917 2317 1047 2354 ποτε
1094 2300 1443 2370 ἐπεχείρησας
1487 2297 1624 2371 ὑπὲρ
1673 2300 1768 2356 ἀν-

92 2387 223 2460 δρὸς
253 2385 427 2458 θητὸς
458 2385 638 2459 ἄνδρα
668 2385 983 2458 πρεσβύτην
1007 2386 1213 2458 πατέρα
1238 2386 1541 2442 διωκάθειν
1566 2388 1769 2460 φόνου,

92 2474 230 2531 ἀλλὰ
270 2475 362 2530 καὶ
400 2473 529 2540 τοὺς
565 2472 736 2540 θεοὺς
774 2469 846 2529 ἂν
886 2477 1098 2539 ἔδεισας
1134 2474 1652 2546 παρακινδυνεύειν,
1693 2476 1767 2548 μὴ

94 2560 194 2618 οὐκ
227 2560 414 2634 ὀρθῶς
446 2559 578 2617 αὐτὸ
612 2561 882 2632 ποιήσοις,
920 2561 1011 2616 καὶ
1042 2560 1173 2626 τοὺς
1204 2560 1541 2635 ἀνθρώπους
1568 2565 1769 2637 ᾐσχύν-

93 2658 212 2721 θης.
289 2653 395 2705 νῦν
437 2650 499 2705 δὲ
539 2643 601 2705 εὖ
651 2647 777 2704 οἶδα
825 2649 910 2705 ὅτι
950 2654 1140 2720 σαφῶς
1181 2650 1186 2722 l
1223 2656 1328 2706 οἰέι
1367 2651 1574 2706 εἰδέναι
1612 2651 1676 2707 τό
1713 2656 1828 2708 τεΕ

94 2736 253 2793 ὅσιον
298 2736 389 2791 καὶ
437 2736 532 2806 μή·
584 2736 699 2792 εἰπὲ
747 2730 876 2805 οὖν,
925 2730 967 2792 ῶ
1008 2738 1249 2807 βέλτιστε
1288 2735 1630 2810 Εὐθύφρον,
1677 2738 1769 2791 καὶ

93 2823 165 2896 μὴ
206 2823 500 2897 ἀποκρύψῃ
542 2822 626 2879 ὅτι
666 2822 800 2879 αὐτὸ
841 2822 977 2896 ἡγεῖ.
