2020 3198
0 155 6 167 ‘s
0 0 29 126 *Va*

747 145 1098 190 ΕΤΘΤΦΡΩΝ.
1407 149 1410 152 “
1690 142 1762 195 23

81 265 181 336 μὲν
226 265 591 338 κεχαρισμένα
645 281 726 329 τις
775 246 1055 332 ἐπίστηται
1104 271 1220 327 τοῖς
1268 269 1426 326 θεοῖς
1475 261 1656 332 λέγειν
1704 281 1763 315 τε

26 411 37 415 ,
80 353 172 408 καὶ
215 353 476 427 πράττειν
516 349 814 424 εὐχόμενός
858 370 916 405 τε
960 350 1054 404 καὶ
1099 348 1288 419 θύων,
1334 346 1489 403 ταῦτ’
1542 351 1658 403 ἔστι
1694 345 1760 402 τὰ

6 430 13 433 ’
82 440 234 512 ὅσια,
270 443 362 498 καὶ
387 441 546 518 σςόζει
568 439 634 495 τὰ
666 441 896 495 τοιαῦτα
919 437 1051 503 τούς
1081 457 1139 492 τε
1165 440 1344 502 ἰδίους
1370 443 1556 501 οἴκους
1578 435 1671 491 καὶ
1694 434 1762 491 τὰ

78 528 242 586 κοινὰ
278 533 389 586 τῶν
427 528 666 585 πόλεων·
711 526 779 582 τὰ
827 525 879 582 δ’
932 528 1156 582 ἐναντία
1201 527 1314 581 τῶν
1353 523 1762 596 κεχαρισμένων

81 616 279 688 ἀσεβῆ,
319 615 354 672 ἃ
394 615 464 688 δὴ
502 618 594 672 καὶ
633 614 925 689 ἀνατρέπει
965 613 1181 669 ἅπαντα
1218 613 1312 668 καὶ
1351 611 1673 669 ἀπόλλυσιν.

228 706 399 761 XVII.
482 712 579 756 ΣΩ.
655 697 731 759 Ἦ
776 702 919 759 πολύ
983 725 1077 774 μοι
1132 700 1224 758 διὰ
1273 702 1655 774 βραχυτέρων,
1718 692 1762 754 ὦ

82 792 427 867 Εὐθύφρον,
478 796 528 849 εἰ
574 791 835 863 ἐβούλου,
891 789 1035 856 εἶπες
1089 788 1159 846 ἄν
1213 788 1275 846 τὸ
1328 788 1635 861 κεφάλαιον
1683 779 1762 843 ὦν

80 880 326 954 ἥρω’των.
367 879 507 936 ἀλλὰ
545 879 652 954 γὰρ
694 879 762 936 οὐ
802 879 1097 953 πρόθυμός
1128 901 1193 950 με
1225 877 1275 934 εἷ
1313 877 1555 943 διδάξαι·
1596 878 1763 947 δῆλος

80 968 155 1026 εἴ.
197 969 290 1025 καὶ
326 969 434 1042 γὰρ
473 972 582 1025 νῦν
610 970 615 1043 1
645 967 830 1039 ἐπειδὴ
873 966 956 1024 ἐπ’
1008 966 1155 1042 αὐτῷ
1196 960 1373 1038 ἦσθα,
1422 963 1814 1037 ἀπετράπουὊ

81 1055 111 1113 ὃ
152 1061 203 1113 εἰ
231 1056 535 1130 ἀπεκρίνω,
577 1058 779 1122 ίκανῶς
810 1053 880 1112 ἂν
911 1055 1020 1127 ἤδη
1053 1055 1201 1128 παρὰ
1235 1058 1338 1111 σοῦ
1370 1052 1471 1126 τὴν
1505 1051 1764 1123 ὁσιότητα

79 1145 413 1213 ἐμεμαθήκη.
485 1152 593 1197 νῦν
634 1141 695 1197 δὲ
734 1144 942 1212 ἀνάγκη
982 1145 1086 1214 γὰρ
1124 1145 1223 1197 τὸν
1262 1144 1472 1214 ἐρῶντα
1509 1151 1584 1216 τςό
1625 1145 1757 1215 ἐρω-

78 1229 224 1303 μένῳ
274 1231 634 1299 ἀκολουθεῖν,
691 1231 795 1302 ὅπῃ
844 1230 913 1283 ἂν
960 1231 1166 1294 ἐκεῖνος
1213 1231 1419 1302 ὑπάγῃ·
1471 1235 1530 1285 τί
1571 1234 1638 1301 δὴ
1686 1229 1756 1286 αὗ

80 1317 255 1387 λέγεις
284 1319 346 1371 τὸ
381 1318 538 1371 ὅσιον
569 1313 711 1371 εἶναι
740 1316 832 1371 καὶ
862 1319 963 1387 τὴν
988 1318 1265 1387 ὁσιότητα;
1301 1317 1423 1388 οὐχὶ
1455 1319 1755 1389 ἐπιστήμην

82 1407 202 1459 τινὰ
240 1412 340 1459 τοῦ
377 1406 543 1458 θύειν
580 1423 638 1458 τε
675 1403 765 1458 καὶ
805 1405 1089 1475 εὔχεσθαι;

245 1499 385 1544 ΕΤΘ.
426 1491 653 1563 ’Έηιωγέ

244 1587 340 1631 ΣΩ.
407 1577 633 1635 Οὐκοῦν
671 1578 734 1636 τὸ
774 1580 940 1637 θύειν
980 1586 1290 1654 δωρεῖσθαί
1318 1586 1431 1639 ἐστι
1461 1595 1577 1649 τοῖς
1605 1592 1780 1655 θεοῖς,

98 1664 158 1721 τὸ
200 1664 252 1722 δ’
296 1665 559 1739 εὔχεσθαι
599 1671 772 1724 αἰτεῖν
810 1668 941 1734 τοὺς
980 1670 1173 1738 θεούς;

244 1763 386 1809 ΕΤΘ.
441 1755 556 1810 Καὶ
595 1755 766 1827 μάλα,
808 1750 850 1812 ὦ
890 1757 1196 1831 Σώκρατες.

244 1851 340 1895 Σῼ.
397 1841 696 1915 Ἐπιστήμη
745 1843 854 1917 ἄρα
900 1845 1166 1916 αἰτήσεως
1216 1849 1308 1902 καὶ
1364 1848 1573 1914 δόσεως
1623 1857 1780 1915 θεοῖς

100 1927 350 2002 Ιὸσιότης
388 1928 460 1986 ἄν
501 1938 583 2002 εἴη
626 1933 684 1986 ἐκ
721 1931 924 1988 τούτου
962 1937 1063 1988 τοῦ
1102 1933 1289 2005 λόγου.
1796 1945 1836 1989 D

243 2026 383 2071 ΕΤΘ.
446 2018 614 2074 Πάνυ
644 2023 841 2090 καλῶς,
868 2014 910 2076 ὦ
943 2020 1254 2093 Σώκρατες,
1288 2024 1525 2094 ξυνῆκας
1550 2021 1579 2080 ὃ
1605 2022 1777 2082 εἷπον.

243 2116 340 2159 ΣΩ.
414 2106 787 2179 Ἐπιθυμητὴς
847 2108 955 2181 γάρ
1018 2113 1154 2181 εἰμι,
1224 2105 1267 2167 ὦ
1323 2117 1474 2183 φίλε,
1529 2115 1625 2184 τῆς
1678 2117 1777 2183 σῆς

98 2198 297 2266 σοφίας
343 2195 435 2249 καὶ
482 2197 731 2267 προσέχω
777 2195 877 2252 τὸν
921 2201 1063 2252 νοῦν
1111 2196 1275 2271 αὐτῇ,
1325 2198 1463 2256 ὥστε
1503 2199 1571 2256 οὐ
1609 2201 1776 2272 χαμαὶ

96 2293 338 2339 πεσεῖται
387 2281 471 2361 ὅτι
516 2279 588 2338 ἄν
635 2289 804 2356 εἴπῃς.
858 2282 996 2340 ἀλλά
1049 2307 1143 2356 μοι
1188 2289 1373 2358 λέξον,
1423 2292 1505 2354 τίς
1551 2287 1689 2360 αὕτη
1741 2286 1778 2360 ἡ

96 2369 368 2444 ὑπηρεσία
417 2371 528 2426 ἐστὶ
576 2382 691 2436 τοῖς
736 2379 918 2439 θεοῖς;
967 2375 1140 2429 αἰτεῖν
1186 2395 1243 2430 τε
1289 2374 1397 2448 φῂς
1443 2375 1648 2441 αὐτοὺς
1683 2377 1775 2431 καὶ

97 2457 321 2514 διδόναι
362 2460 617 2523 ἐκείνοις;

241 2554 381 2597 Ere).
422 2543 649 2616 ’'quys.

242 2634 440 2688 XVIII.
516 2642 610 2687 ΣΩ.
680 2627 794 2706 Αρ’
854 2629 959 2691 οὖν
1014 2634 1082 2692 οὐ
1134 2635 1195 2692 τὸ
1245 2634 1431 2707 ὀρθῶς
1478 2642 1650 2694 αἰτεῖν
1704 2661 1774 2694 αν

95 2727 204 2790 εἴη,
245 2742 325 2775 ων
365 2719 607 2790 δεόμεθα
644 2719 771 2791 παρ’
824 2724 1075 2794 ἐκείνων,
1123 2728 1295 2780 ταῦτα
1334 2723 1536 2791 αὐτοὺς
1574 2729 1773 2821 αἰτεῖν;

240 2813 379 2857 ΕΤΘ.
430 2805 606 2862 Ἀλλὰ
644 2813 721 2869 τίς
