2020 3198
587 187 908 230 AHOAOPIA
938 185 1315 230 ΣΩΚΡΑΤΟΥΣ.
1717 183 1787 235 59

107 300 383 378 κινδύνου
428 305 631 375 πρᾶξαι
690 301 860 358 οὐδὲν
914 300 1313 374 ἀνελεύθερον,
1369 300 1497 358 οὔτε
1541 305 1649 357 νῦν
1695 322 1790 371 μοι

24 411 37 416 ·
109 391 394 461 μεταμέλει
434 389 609 457 οὕτως
656 388 1156 464 ἀπολογησαμένῳ,
1202 388 1343 445 ἀλλὰ
1387 389 1530 446 πολὺ
1577 392 1788 461 μᾶλλον

109 480 375 550 αἱροῦμαι
407 470 516 555 ὦδε
547 476 1036 549 ἀπολογησάμενος
1065 477 1335 533 τεθνάναι
1365 475 1400 549 ἢ
1427 481 1647 543 ἐκείνως
1679 480 1789 549 ζῆν.

110 563 239 621 οὔτε
275 564 383 638 γὰρ
416 567 476 621 ἐν
508 569 633 638 δίκῃ
667 563 789 621 οὔτ’
830 567 891 621 ἐν
922 566 1140 639 πολέμῳ
1175 563 1292 621 οὔτ’
1328 564 1421 636 ἐμὲ
1454 563 1571 620 οὔτ’
1614 564 1788 632 ἄλλον

110 650 317 709 οὐδένα
349 655 438 708 δεῖ
463 655 627 709 τοῦτο
650 652 1060 727 Ιμηχανᾶσθαι,
1100 651 1248 719 ὅπως
1280 651 1647 724 ἀποφεύξεται
1676 655 1788 707 πᾶν
1805 668 1861 709 38

107 743 286 796 ποιῶν
316 740 585 797 θάνατον.
624 741 718 796 καὶ
740 740 849 814 γὰρ
883 746 943 798 ἐν
966 752 1084 807 ταῖς
1107 741 1306 812 μάχαις
1329 740 1592 807 πολλάκις
1615 744 1790 811 δῆλον

107 832 379 900 γίγνεται,
436 826 522 884 ὅτι
573 829 638 885 τό
691 850 754 900 γε
801 828 1113 885 ἀποθανεῖν
1159 828 1232 884 ἄν
1283 851 1366 895 τις
1420 828 1652 900 ἐκφύγοι
1697 828 1790 882 καὶ

111 913 254 971 ὅπλα
277 915 438 988 ἀφεὶς
459 917 552 972 καὶ
577 916 667 988 ἐφ’
698 919 932 973 ἱκετείαν
956 916 1298 990 τραπόμενος
1320 918 1432 973 τῶν
1449 915 1790 985 διωκόντων·

109 1003 204 1058 καὶ
257 1003 420 1060 ἄλλαι
478 1005 719 1076 μηχαναὶ
781 1010 985 1060 πολλαί
1043 1008 1185 1061 εἰσιν
1247 1006 1308 1061 ἐν
1368 1003 1618 1069 ἑκάστοις
1675 1014 1791 1068 τοῖς

108 1093 418 1163 κινδύνοις,
466 1091 604 1149 ὥστε
653 1092 975 1163 διαφεύγειν
1020 1092 1299 1163 θάνατον,
1347 1091 1445 1148 ε’άν
1490 1112 1572 1157 τις
1616 1093 1791 1161 τολμᾷ

109 1183 222 1235 πᾶν
259 1191 440 1235 ποιεῖν
478 1180 570 1235 καὶ
615 1181 810 1250 λέγειν.
858 1178 997 1235 ἀλλὰ
1037 1179 1111 1251 μὴ
1160 1178 1228 1235 οὐ
1266 1177 1416 1235 τοῦτ’
1458 1172 1494 1251 ᾖ
1533 1178 1790 1250 χαλεπόν,

110 1261 153 1324 ὦ
194 1266 411 1340 ἄνδρες,
449 1267 703 1324 θάνατον
743 1270 1027 1339 ἐκφυγεῖν,
1067 1267 1207 1324 ἀλλὰ
1238 1266 1382 1323 πολὺ
1411 1267 1790 1339 χαλεπώτερον

110 1361 408 1428 πονηρίαν·
464 1358 676 1411 θᾶττον
730 1356 838 1428 γὰρ
885 1356 1140 1412 θανάτου
1192 1363 1299 1412 θεῖ.
1353 1356 1447 1411 καὶ
1480 1355 1487 1429 Ι
1520 1358 1629 1411 νῦν
1683 1354 1787 1425 ε’γώ
1812 1367 1849 1411 Β

111 1443 211 1514 μὲν
260 1441 353 1499 ἅτε
400 1443 611 1516 βραδὺς
656 1440 737 1500 div
792 1444 884 1498 καὶ
937 1443 1244 1515 πρεσβύτης
1289 1441 1396 1500 ὑπὸ
1442 1446 1542 1498 τοῦ
1588 1446 1791 1515 βραδυ-

111 1533 274 1605 τέρου
327 1531 534 1602 ἑάλων,
590 1534 646 1587 οἱ
699 1530 751 1587 δ’
811 1533 931 1603 ἐμοὶ
983 1531 1282 1605 κατήγοροι
1336 1530 1431 1587 ἅτε
1477 1532 1654 1587 δεινοὶ
1698 1531 1791 1587 καὶ

112 1618 253 1686 ὀξεῖς
293 1618 447 1685 ὄντες
484 1617 592 1675 ὑπὸ
638 1623 738 1675 τοῦ
785 1619 1083 1691 θάττονος,
1130 1623 1227 1690 τῆς
1271 1623 1475 1684 κακίας.
1550 1620 1643 1674 καὶ
1682 1622 1790 1674 νῦν

111 1706 217 1778 ἐγώ
273 1706 375 1778 μὲν
425 1705 613 1778 ἄπειμι
665 1705 768 1777 ὑφ’
830 1705 988 1778 ὑμῶν
1041 1707 1299 1763 θανάτου
1361 1709 1522 1778 δίκην
1577 1706 1788 1778 ὄφλων,

112 1788 267 1851 οὗτοι
314 1794 366 1852 δ’
408 1794 518 1851 ὑπὸ
557 1799 652 1866 τῆς
690 1794 955 1866 ἀληθείας
994 1794 1307 1867 ὠφληκότες
1345 1799 1660 1868 μοχθηρίαν
1698 1797 1790 1850 καὶ

111 1881 350 1939 ἀδικίαν.
425 1883 517 1939 καὶ
563 1887 734 1953 ε”γωγε
778 1886 852 1958 τῷ
899 1883 1157 1954 τιμήματι
1215 1883 1426 1953 ἐμμένω
1472 1883 1565 1937 καὶ
1619 1876 1789 1939 οὗτοι.

114 1975 284 2027 ταῦτα
323 1973 425 2043 μέν
462 1991 571 2026 που
610 1977 742 2036 ἴσως
782 1968 956 2036 οὕτως
993 1970 1086 2025 καὶ
1129 1974 1243 2025 ἔδει
1283 1981 1458 2041 σχεῖν,
1504 1971 1597 2026 καὶ
1637 1968 1789 2043 οἶμαι

114 2058 251 2115 αὐτὰ
293 2063 522 2131 μετρίως
559 2062 717 2130 ἔχειν.

260 2148 424 2202 ΧΧΧ.
515 2145 588 2201 Τὸ
665 2146 727 2201 δὲ
789 2146 858 2216 δὴ
920 2142 1052 2215 μετὰ
1114 2147 1277 2200 τοῦτο
1339 2147 1593 2216 ἐπιθυμῶ
1654 2144 1789 2218 ὑμῖν

115 2234 555 2307 Ιχρησμῳδῆσαι,
589 2225 632 2289 ὦ
672 2232 1196 2304 καταψηφισάμενοί
1226 2251 1357 2304 μου·
1395 2234 1487 2288 καὶ
1524 2232 1632 2306 γάρ
1672 2237 1783 2304 εἰμι
1806 2242 1841 2287 O

114 2319 220 2391 ἤδη
289 2323 559 2390 ἐνταῦθα,
637 2321 698 2375 ε’ν
765 2313 809 2396 ᾦ
878 2319 1112 2391 μάλιστα
1179 2318 1473 2393 ἄνθρωποι
1540 2337 1789 2397 χρησμῳ-

115 2411 341 2478 δοῦσιν,
381 2405 515 2463 ὅταν
555 2408 829 2479 μέλλωσιν
877 2408 1304 2465 ἀποθανεῖσθαι.
1380 2409 1521 2479 φημὶ
1566 2409 1697 2482 γάρ,
1746 2402 1788 2465 ὦ

113 2494 339 2567 ἄνδρες,
371 2499 429 2552 οἳ
458 2495 550 2567 ἐμὲ
580 2494 930 2567 ἀπεκτόνατε,
968 2501 1236 2569 τιμωρίαν
1266 2494 1401 2568 ὑμῖν
1432 2495 1584 2568 ἥξειν
1616 2495 1791 2563 εὐθὺς

115 2582 247 2653 μετὰ
284 2582 385 2639 τὸν
425 2582 560 2654 ἐμὸν
597 2583 851 2639 θάνατον
889 2583 1031 2639 πολὺ
1070 2586 1453 2656 χαλεπωτέραν
1491 2583 1562 2655 νὴ
1603 2589 1715 2640 Δία
1752 2581 1787 2655 ἢ

115 2672 242 2725 οἵαν
277 2670 368 2741 ἐμὲ
399 2669 755 2727 ἀπεκτόνατε·
786 2674 895 2726 νῦν
925 2668 1033 2743 γὰρ
1064 2672 1228 2727 τοῦτο
1255 2679 1516 2744 εἴργασθε
1541 2672 1788 2743 οἰόμενοι

113 2755 529 2823 ἀπαλλάξεσθαι
574 2762 674 2814 τοῦ
725 2758 948 2815 διδόναι
995 2763 1218 2831 ἔλεγχον
1262 2762 1363 2816 τοῦ
1409 2763 1561 2830 βίου,
1614 2758 1678 2814 τὸ
1726 2759 1788 2814 δὲ

114 2842 249 2909 ὑμῖν
280 2842 423 2901 πολὺ
456 2846 711 2901 ἐναντίον
743 2844 1103 2915 ἀποβήσεται,
1137 2843 1211 2911 ὥς
1244 2846 1348 2916 ἐγώ
1382 2869 1535 2917 φημι.
1567 2850 1788 2909 πλείους
