2020 3198
259 132 367 186 164
926 136 1263 181 ΠΛΑΤΩΝΟΣ

403 251 512 306 LX.
589 251 703 307 Καὶ
743 250 880 324 ὅλην
921 253 1022 324 μὲν
1062 254 1131 324 δὴ
1170 253 1274 325 τὴν
1313 257 1420 326 γῆν
1453 253 1597 311 οῦτω
1636 259 1941 328 πεφυκέναι

254 338 347 394 καὶ
384 337 451 394 τὰ
490 340 615 413 περὶ
654 339 758 412 τὴν
796 344 926 413 γῆν·
965 341 1171 408 τόπους
1213 340 1266 398 δ’
1319 344 1381 399 ἐν
1427 342 1566 417 αὐτῇ
1615 342 1759 400 εἶναι
1802 344 1940 402 κατὰ

253 428 320 483 τὰ
364 431 585 499 ἔγκοιλα
625 426 796 501 αὐτῆς
825 430 1008 504 κύκλῳ
1042 430 1167 503 περὶ
1199 428 1338 502 ὅλην
1369 431 1628 504 πολλούς,
1667 433 1799 500 τοὺς
1837 434 1940 506 μὲν

253 517 602 589 βαθυτέρους
639 518 732 573 καὶ
770 516 1260 590 ἀναπεπταμένους
1289 522 1506 590 μᾶλλον
1537 517 1571 592 ἢ
1611 523 1672 578 έν
1702 515 1749 598 ᾦ
1786 520 1942 594 ἡμεῖς

255 607 536 676 οἰκοῦμεν,
574 603 707 672 τοὺς
745 606 808 663 δὲ
845 608 1193 678 βαθυτέρους
1226 605 1391 674 ὄντας
1420 606 1484 664 τὸ
1517 609 1700 681 χάσμα
1738 609 1942 678 αὐτοὺς

255 697 481 750 ἔλαττον
521 698 665 765 ἔχειν
703 697 804 750 τοῦ
850 693 980 768 παρ’
1029 693 1164 767 ἡμῖν
1210 695 1410 767 τόπου,
1458 701 1572 753 ἔστι
1611 696 1663 754 δ’
1715 695 1814 765 οὓς
1849 699 1940 755 καὶ

202 781 661 856 ΒΙβραχυτέρους
696 787 773 856 τῶ
812 783 981 854 βάθει
1018 787 1119 840 τοῦ
1158 783 1366 840 ἐνθάδε
1412 781 1557 840 εἶναι
1602 786 1694 841 καὶ
1740 793 1942 844 πλατυ-

252 871 465 943 τέρους·
526 869 761 937 τούτους
817 871 878 927 δὲ
932 870 1141 938 πάντας
1194 869 1303 928 ὑπὸ
1360 875 1468 943 γῆν
1529 875 1607 938 εἰς
1667 870 1942 945 ἀλλήλους

255 962 669 1032 συντετρῆσθαί
700 979 758 1015 τε
795 962 1041 1033 πολλαχῇ
1065 960 1157 1015 καὶ
1180 958 1317 1015 κατὰ
1343 959 1638 1032 στενότερα
1661 962 1753 1016 καὶ
1779 961 1942 1036 εὐρύ-

253 1069 409 1119 τερα,
449 1047 541 1103 καὶ
582 1047 869 1114 διεξόδους
908 1052 1078 1119 ἔχειν,
1116 1041 1153 1121 ᾗ
1191 1046 1335 1103 πολὺ
1385 1047 1487 1119 μὲν
1533 1047 1687 1122 ὕδωρ
1727 1051 1847 1123 ῥεῖν
1885 1053 1940 1119 ἐξ

254 1134 512 1207 ἀλλήλων
545 1139 622 1202 εἰς
653 1134 926 1207 ἀλλήλους
950 1134 1133 1209 ῶσπερ
1160 1139 1238 1201 εἰς
1268 1139 1564 1208 κρατῆρας,
1596 1137 1687 1192 καὶ
1719 1136 1940 1196 ἀενάων

252 1228 516 1296 ποταμῶν
563 1222 821 1297 ἀμήχανα
868 1226 1076 1296 μεγέθη
1124 1222 1233 1280 ὑπὸ
1280 1222 1383 1295 τὴν
1428 1227 1536 1296 γῆν
1573 1225 1667 1281 καὶ
1712 1231 1940 1299 θερμῶν

251 1311 477 1370 ὑδάτων
514 1314 608 1369 καὶ
646 1316 897 1386 ψυχρῶν,
928 1311 1074 1369 πολὺ
1107 1312 1169 1369 δὲ
1199 1316 1310 1385 πῦρ
1343 1314 1435 1368 καὶ
1466 1311 1640 1385 πυρὸς
1669 1315 1941 1386 μεγάλους

252 1401 550 1473 ποταμούς,
588 1400 830 1468 πολλοὺς
869 1402 932 1458 δὲ
968 1399 1149 1474 ὑγροῦ
1195 1405 1376 1472 πηλοῦ
1414 1402 1506 1458 καὶ
1544 1405 1941 1477 καθαρωτέρου

199 1490 346 1545 Εκαὶ
385 1490 925 1564 βορβορωδεστέρου,
965 1488 1148 1562 ῶσπερ
1189 1491 1249 1545 ἐν
1284 1494 1290 1561 Ι
1325 1495 1556 1565 Σικελίᾳ
1601 1492 1661 1546 οἱ
1693 1492 1798 1563 πρὸ
1838 1495 1940 1548 τοῦ

253 1577 459 1651 ῥύακος
495 1581 676 1650 πηλοῦ
716 1579 935 1651 ῥέοντες
972 1578 1211 1649 ποταμοὶ
1248 1579 1340 1633 καὶ
1381 1576 1547 1645 αὐτὸς
1587 1576 1616 1634 ὁ
1657 1579 1818 1652 ῥύαξ·
1859 1573 1938 1637 ῶν

254 1665 324 1738 δὴ
379 1666 471 1722 καὶ
530 1666 795 1732 ἑκάστους
846 1665 978 1733 τοὺς
1038 1666 1242 1733 τόπους
1301 1670 1682 1739 πληροῦσθαι,
1733 1661 1815 1725 ῶν
1867 1666 1940 1726 ἄν

253 1755 504 1821 ἑκάστοις
541 1753 677 1828 τύχῃ
720 1754 974 1811 ἑκάστοτε
1011 1751 1046 1825 ἡ
1086 1753 1351 1827 περιρροὴ
1391 1756 1708 1826 γιγνομένη.
1767 1760 1940 1813 ταῦτα

254 1843 314 1900 δὲ
361 1842 542 1899 πάντα
587 1854 765 1898 κινεῖν
813 1841 931 1898 ἅνω
985 1842 1077 1898 καὶ
1130 1842 1277 1899 κάτω
1326 1841 1509 1916 ῶσπερ
1557 1846 1768 1916 αἰώραν
1812 1844 1938 1901 τινὰ

254 1935 496 1989 ἐνοῦσαν
543 1932 603 1987 ἐν
649 1934 715 2003 τῇ
761 1934 854 2004 γῇ·
902 1934 1016 1986 ἔστι
1072 1930 1134 1987 δὲ
1189 1929 1298 2003 ἄρα
1345 1928 1483 2002 αῦτη
1530 1928 1565 2001 ἡ
1620 1930 1799 2003 αἰώρα
1846 1931 1940 1989 διὰ

253 2020 428 2092 φύσιν
464 2018 691 2076 τοιάνδε
735 2021 875 2075 τινά.
953 2020 1014 2075 ἕν
1065 2039 1119 2074 τι
1171 2022 1286 2075 τῶν
1340 2018 1637 2091 χασμάτων
1691 2023 1790 2091 τῆς
1840 2024 1941 2093 γῆς

254 2107 434 2174 ἄλλως
470 2129 528 2165 τε
567 2109 825 2180 μέγιστον
863 2107 1123 2179 τυγχάνει
1170 2103 1238 2163 ὂν
1285 2107 1377 2162 καὶ
1418 2107 1712 2180 διαμπερὲς
1755 2130 1941 2182 τετρη-

167 2197 425 2267 112μένον
473 2195 547 2252 δι’
586 2199 594 2268 Ι
630 2194 761 2268 ὅλης
804 2199 902 2267 τῆς
947 2199 1074 2267 γῆς,
1120 2199 1285 2252 τοῦτο
1334 2193 1468 2268 ὅπερ
1514 2193 1752 2269 Ὅμηρος
1805 2195 1938 2270 εἷπε,

253 2285 430 2355 λέγων
465 2282 602 2340 αὐτό

15 2368 54 2430 222,
94 2383 133 2426 52³.
154 2390 197 2422 τι»
325 2376 454 2443 τῆλε
479 2370 631 2443 μάλ’,
662 2364 755 2445 ᾗχι
786 2371 1062 2441 βάθιστον
1087 2369 1194 2426 ὑπὸ
1222 2370 1432 2442 χθονός
1456 2373 1570 2427 ἐστι
1594 2371 1891 2444 βέρεθρον*

254 2457 286 2516 ὃ
324 2460 415 2515 καὶ
455 2458 660 2514 ἄλλοθι
698 2458 791 2513 καὶ
832 2461 1042 2524 ἐκεῖνος
1079 2458 1171 2513 καὶ
1211 2457 1371 2513 ἄλλοι
1403 2458 1599 2514 πολλοὶ
1637 2461 1749 2514 τῶν
1787 2478 1939 2532 ποιη-

252 2551 365 2604 τῶν
411 2546 699 2619 Τάρταρον
738 2546 1083 2618 κεκλήκασιν.
1162 2549 1240 2611 εἰς
1284 2544 1391 2618 γὰρ
1437 2549 1602 2602 τοῦτο
1648 2545 1712 2602 τὸ
1758 2562 1941 2619 χασμα

255 2636 556 2708 συρρέουσί
589 2656 648 2691 τε
686 2634 886 2701 πάντες
926 2637 983 2691 οἱ
1016 2634 1252 2706 ποταμοὶ
1290 2634 1383 2690 καὶ
1431 2636 1489 2690 ἐκ
1533 2634 1735 2691 τούτου
1773 2635 1941 2692 πάλιν

256 2724 564 2796 ἐκρέουσιν·
603 2727 893 2794 γίγνονται
934 2722 996 2779 δὲ
1029 2725 1248 2778 ἕκαστοι
1285 2725 1550 2793 τοιοῦτοι,
1592 2721 1668 2779 δι’
1713 2725 1834 2789 οἵας
1871 2720 1941 2779 ἂν

254 2811 345 2865 καὶ
383 2814 482 2883 τῆς
519 2814 618 2882 γῆς
657 2811 873 2881 ῥέωσιν.
949 2808 983 2883 ἡ
1033 2810 1096 2866 δὲ
1142 2813 1291 2866 αἰτία
1339 2810 1488 2866 ἐστὶν
1526 2813 1627 2867 τοῦ
1667 2812 1847 2880 ἐκρεῖν
1885 2832 1943 2867 τε
