2020 3198
247 141 320 193 84
927 147 1263 190 ΠΛΑΤῼΝΟΣ
1976 0 2020 195 ¹

396 269 554 317 ΦΑΙΔ.
629 263 778 336 Τύχη
835 283 920 329 τις
975 260 1151 339 αὐτῷ,
1211 257 1255 319 ὦ
1305 262 1642 336 Ἐχέκρατες,
1705 263 1935 335 συνέβη·
2002 204 2020 347 {-

249 353 439 422 ἔτυχεν
461 351 569 425 γὰρ
593 356 660 426 τῇ
684 355 983 426 προτεραίᾳ
1005 355 1102 423 τῆς
1134 355 1292 422 δίκης
1314 350 1348 422 ἡ
1378 351 1604 424 πρύμνα
1639 352 1934 424 ἐστεμμένη
2012 351 2020 378 ²·

249 442 349 495 τοῦ
387 443 606 509 πλοίου,
646 438 677 496 ὃ
717 444 795 507 εἰς
834 443 1028 511 Δῆλον
1063 437 1356 509 Ἀθηναῖοι
1396 441 1723 511 πέμπουσιν.
2002 436 2020 445 ”

397 538 492 580 EX.
561 531 738 584 Τοῦτο
780 528 842 584 δὲ
882 526 952 599 δὴ
991 531 1049 582 τί
1083 529 1262 594 ἐστιν;

400 626 555 670 ΦΑΙΔ.
617 615 779 673 Τοῦτ’
823 621 938 672 ἔστι
974 614 1037 672 τὸ
1071 622 1289 686 πλοῖον,
1323 614 1398 682 ὥς
1431 633 1605 687 φασιν
1630 617 1938 687 Ἀθηναῖοι,

254 706 314 760 ἐν
354 696 399 778 ᾦ
437 704 650 776 Θησεύς
687 725 819 761 ποτε
857 708 934 770 εἰς
972 703 1203 776 Κρήτην
1241 703 1372 769 τοὺς
1412 704 1500 770 δὶς
1531 701 1663 760 ἑπτὰ
1698 706 1940 769 ἐκείνους

200 791 425 869 Βᾷἆχετο
461 799 468 862 Ι
503 792 657 865 ἄγων
694 793 787 849 καὶ
826 793 1002 849 ἔσωσέ
1034 814 1092 848 τε
1129 792 1222 847 καὶ
1262 791 1429 858 αὐτὸς
1468 792 1672 865 ἐσώθη.
1721 796 1796 868 τῷ
1837 785 1941 848 οὖν

249 879 557 938 Ἀπόλλωνι
611 879 868 952 εὔξαντο,
931 878 1004 947 ὥς
1065 881 1301 951 λέγεται,
1363 880 1514 952 τότε,
1575 884 1627 937 εἰ
1685 889 1942 951 σωθεῖεν,

256 968 492 1026 ἑκάστου
524 975 679 1036 ἔτους
716 973 965 1042 θεωρίαν
997 967 1230 1036 ἀπάξειν
1269 973 1347 1036 εἰς
1387 973 1604 1041 Δῆλον·
1643 967 1716 1040 ’ἢν
1749 969 1818 1040 δὴ
1858 967 1943 1026 ἀεὶ

258 1144 485 1201 ἐπειδὰν
517 1138 624 1202 οὖν
655 1144 931 1219 ἄρξωνται
958 1148 1057 1217 τῆς
1078 1150 1345 1218 θεωρίας,
1377 1144 1551 1217 νόμος
1583 1145 1732 1202 ἐστὶν
1756 1144 1944 1212 αὐτοῖς

258 1235 319 1289 ἐν
356 1236 432 1309 τῷ
471 1233 656 1309 χρόνῳ
694 1233 872 1310 τούτῳ
911 1232 1249 1306 καθαρεύειν
1272 1232 1376 1305 τὴν
1399 1233 1565 1290 πόλιν
1587 1233 1681 1289 καὶ
1705 1237 1946 1309 δημοσίᾳ

258 1322 471 1392 μηδένα
509 1319 926 1392 ἀποκτιννύναι,
966 1321 1099 1394 πρὶν
1139 1317 1210 1377 ἄν
1251 1325 1329 1388 εἰς
1361 1322 1558 1394 Δῆλόν
1587 1343 1646 1378 τε
1683 1321 1946 1396 ἀφίκηται

257 1408 321 1464 τὸ
361 1415 560 1465 πλοῖον
590 1410 684 1465 καὶ
721 1410 890 1466 πάλιν
924 1414 1116 1483 δεῦρο·
1154 1414 1319 1466 τοῦτο
1362 1409 1415 1467 δ’
1459 1412 1635 1467 ἐνίοτε
1667 1413 1728 1468 ἐν
1759 1415 1944 1487 πολλῷ
1996 1433 1999 1436 ⁴

258 1496 443 1573 χρόνῳ
498 1502 769 1569 γίγνεται,
832 1497 967 1554 ὅταν
1019 1497 1262 1571 τύχωσιν
1322 1498 1520 1571 ἄνεμοι
1574 1497 1947 1571 ἀπολαβόντες

209 1584 479 1652 Οαύτούς.
518 1585 659 1659 ἀρχὴ
695 1593 703 1655 Ι
738 1585 790 1642 δ’
835 1586 949 1642 ἐστὶ
987 1590 1085 1658 τῆς
1123 1593 1390 1660 θεωρίας,
1431 1585 1658 1643 ἐπειδὰν
1699 1585 1727 1643 ὁ
1769 1587 1947 1661 ίερεὺς

258 1677 360 1730 τοῦ
394 1673 742 1741 ’Λπόλλωνος
766 1675 935 1748 στέψῃ
967 1673 1071 1746 τὴν
1101 1674 1363 1747 πρύμναν
1394 1678 1498 1731 τοῦ
1529 1679 1748 1732 πλοίου·
1780 1679 1945 1732 τοῦτο

261 1760 314 1817 δ’
343 1765 551 1834 ἔτυχεν,
576 1760 758 1836 ὥσπερ
790 1763 950 1833 λέγω,
973 1765 1039 1836 τῇ
1071 1766 1372 1837 προτεραίᾳ
1394 1766 1491 1834 τῆς
1515 1766 1671 1834 δίκης
1701 1764 1945 1834 γεγονός.

264 1847 356 1905 διὰ
394 1852 568 1904 ταῦτα
605 1849 698 1904 καὶ
735 1848 908 1916 πολὺς
946 1849 1148 1921 χρόνος
1187 1851 1402 1921 ἐγένετο
1442 1853 1517 1927 τῷ
1558 1850 1847 1924 Σωκράτει
1885 1854 1947 1909 ἐν

260 1941 336 2014 τῷ
378 1941 732 2014 δεσμωτηρίῳ
774 1936 804 1994 ὁ
845 1937 1044 2009 μεταξὺ
1083 1941 1179 2010 τῆς
1218 1942 1377 2010 δίκης
1413 1960 1471 1995 τε
1508 1939 1602 1994 καὶ
1639 1939 1909 1997 θανάτου.

410 2027 479 2082 II.
532 2036 626 2078 EX.
703 2030 774 2081 Τί
816 2026 879 2083 δὲ
924 2025 994 2098 δὴ
1041 2025 1108 2081 τὰ
1155 2026 1279 2100 περὶ
1318 2024 1493 2083 αὐτὸν
1530 2026 1633 2083 τὸν
1672 2027 1946 2100 θάνατον,

262 2108 306 2170 ὦ
352 2117 605 2181 Φαίδων;
681 2123 740 2174 τί
778 2117 849 2188 ἧν
894 2121 961 2174 τὰ
1014 2119 1280 2188 λεχθέντα
1331 2118 1425 2172 καὶ
1474 2117 1815 2188 πραχθέντα,
1854 2116 1947 2172 καὶ

262 2206 408 2267 τίνες
448 2205 505 2257 oc
539 2201 983 2273 παραγενόμενοι
1029 2206 1141 2258 τῶν
1180 2204 1505 2273 ἐπιτηδείων
1551 2207 1629 2278 τῷ
1677 2202 1871 2277 ἀνδρί;
1909 2202 1946 2277 ἢ

265 2291 367 2346 οὐκ
406 2296 536 2345 εἴων
576 2291 635 2345 οί
669 2288 934 2362 ἄρχοντες
972 2301 1248 2361 παρεῖναι,
1290 2289 1412 2345 ἀλλ’
1457 2294 1658 2362 ἔρημος
1696 2291 1947 2348 ἐτελεύτα

265 2382 472 2449 φίλων;

209 2475 248 2520 D
416 2474 571 2518 ΦΑΙΔ.
622 2462 953 2539 ΙΟὐδαμῶς,
1000 2463 1139 2520 ἀλλὰ
1188 2465 1445 2536 παρῆσάν
1489 2487 1635 2531 τινες
1677 2467 1771 2522 καὶ
1816 2474 1947 2523 πολ-

265 2559 360 2610 λοί
392 2575 468 2624 γε.

416 2651 508 2693 EX.
578 2642 762 2696 Ταῦτα
793 2638 862 2710 δὴ
895 2637 1076 2694 πάντα
1105 2639 1505 2711 προθυμήθητι
1537 2639 1612 2707 ὡς
1634 2643 1947 2714 σαφέστατα

268 2727 402 2802 ἡμῖν
434 2727 779 2799 ἀπαγγεῖλαι,
812 2730 863 2783 εί
891 2726 965 2798 μή
997 2732 1079 2793 τίς
1117 2744 1206 2782 σοι
1238 2726 1470 2799 ἀσχολία
1500 2729 1760 2802 τυγχάνει
1791 2724 1947 2786 οὖσα.

419 2825 574 2867 ΦΑΙΔ.
634 2815 793 2871 Ἀλλὰ
848 2814 1092 2888 σχολάζω
1154 2837 1216 2886 γε
1276 2816 1367 2869 καὶ
1421 2817 1753 2890 πειράσομαι
1810 2816 1948 2890 ὑμῖν
