2020 3198
794 181 1035 225 ΦΑΙΔΩΝ.
1688 175 1759 230 97

81 300 330 364 δίζουσιν
367 295 526 370 ἡμῶν
564 298 666 370 τὴν
703 301 804 354 τοῦ
845 297 1006 364 ὄντος
1043 299 1246 371 θήραν.
1309 297 1529 371 ἐρώτων
1569 296 1632 353 δὲ
1668 295 1762 351 καὶ

33 397 42 400 ’
82 387 396 458 ἐπιθυμιῶν
439 387 532 443 καὶ
577 386 774 458 φόβων
818 386 912 442 καὶ
957 387 1206 444 εἰδώλων
1252 388 1623 443 παντοδαπῶν
1668 383 1762 439 καὶ

81 480 356 546 φλυαρίας
386 478 753 548 ἐμπίμπλησιν
782 475 921 545 ἡμᾶς
947 479 1167 544 πολλῆς,
1196 474 1335 532 ῶστε
1364 474 1426 532 τὸ
1459 473 1762 546 λεγόμενον

82 561 157 629 ῶς
194 563 421 635 ἀληθῶς
456 567 532 639 τῷ
573 561 694 619 ὅντι
736 560 833 619 ὑπ’
892 561 1066 619 αὐτοῦ
1123 561 1257 620 οὐδὲ
1302 567 1582 636 φρονῆσαι
1627 560 1763 634 ἡμῖν

81 653 390 722 ἐγγίγνεται
444 650 708 707 οὐδέποτε
762 648 944 706 οὐδέν.
1020 651 1114 706 καὶ
1174 649 1279 724 γὰρ
1341 652 1614 723 πολέμους
1671 649 1763 706 καὶ

82 738 297 805 στάσεις
348 739 441 794 καὶ
493 739 667 811 μάχας
720 737 890 795 οὐδὲν
938 738 1072 795 ἄλλο
1127 740 1350 812 παρέχει
1403 736 1438 811 ἢ
1495 737 1557 796 τὸ
1606 742 1764 810 σῶμα

81 828 172 883 καὶ
213 830 275 883 αί
306 826 509 883 τούτου
548 828 853 898 ἐπιθυμίαι.
901 826 994 883 διὰ
1033 826 1140 900 γὰρ
1179 826 1281 898 τὴν
1319 830 1431 883 τῶν
1469 825 1765 898 χρημάτων

80 919 275 988 κτῆσιν
313 914 512 980 πάντες
559 917 619 970 οί
660 914 891 986 πόλεμοι
936 919 1250 986 γίγνονται,
1296 913 1363 970 τὰ
1411 914 1472 971 δὲ
1516 915 1765 987 χρήματα

81 1002 503 1076 ἀναγκαζόμεθα
540 1006 782 1059 κτᾶσθαι
821 1001 913 1059 διὰ
946 1007 955 1070 1
988 1002 1050 1059 τὸ
1093 1007 1267 1074 σῶμα,
1308 1002 1668 1069 δουλεύοντες
1697 1006 1824 1076 τῇῐ)

81 1090 284 1148 τούτου
312 1095 605 1164 θεραπείᾳ·
635 1091 728 1146 καὶ
760 1091 820 1146 ἐκ
849 1089 1053 1146 τούτου
1078 1089 1343 1162 ἀσχολίαν
1375 1089 1583 1162 ἄγομεν
1608 1097 1766 1162 φιλο-

83 1183 284 1250 σοφίας
321 1179 446 1250 πέρι
487 1177 578 1233 διὰ
617 1177 797 1234 πάντα
834 1187 1021 1234 ταῦτα.
1057 1177 1121 1233 τὸ
1162 1176 1214 1232 δ’
1258 1182 1491 1250 ἔσχατον
1520 1178 1764 1250 πάντων,

84 1265 186 1336 ὅτι,
203 1265 302 1322 ἐάν
325 1289 406 1331 τις
428 1263 563 1337 ἡμῖν
580 1266 671 1321 καὶ
696 1264 864 1337 σχολὴ
883 1266 1107 1336 γένηται
1131 1262 1225 1321 ἀπ’
1254 1264 1429 1322 αὐτοῦ
1445 1267 1537 1322 καὶ
1553 1267 1766 1340 τραπώ-

83 1362 230 1426 μεθα
253 1352 389 1425 πρὸς
412 1353 474 1409 τὸ
502 1364 726 1409 σκοπεῖν
749 1376 827 1424 τι,
855 1356 914 1409 ἐν
940 1364 1059 1418 ταῖς
1077 1353 1362 1425 ζητήσεσιν
1386 1349 1459 1410 αὖ
1483 1358 1765 1427 πανταχοῦ

83 1451 432 1513 παραπῖπτον
454 1440 711 1511 θόρυβον
734 1442 956 1514 παρέχει
978 1441 1070 1496 καὶ
1086 1440 1334 1513 ταραχὴν
1357 1442 1450 1498 καὶ
1467 1443 1765 1514 ἐκπλήττει,

86 1529 224 1585 ὥστε
264 1527 336 1600 μὴ
371 1527 654 1584 δύνασθαι
691 1525 786 1584 ὑπ’
830 1527 1007 1585 αὐτοῦ
1045 1533 1302 1599 καθορᾶν
1340 1528 1596 1602 τάληθές,
1628 1529 1767 1587 ἀλλὰ

83 1620 160 1693 τῷ
186 1615 308 1672 ὄντι
337 1614 471 1687 ἡμῖν
504 1617 793 1687 δέδεικται,
826 1614 929 1687 ὅτι,
963 1619 1014 1672 εἰ
1043 1617 1313 1688 μέλλομέν
1344 1637 1476 1674 ποτε
1504 1623 1768 1690 καθαρῶς

83 1727 136 1761 τι
181 1711 456 1774 εἴσεσθαι,
503 1702 881 1760 ἀπαλλακτέον
933 1702 1109 1760 αὐτοῦ
1155 1705 1250 1760 καὶ
1305 1704 1445 1779 αὐτῇ
1498 1709 1564 1780 τῇ
1617 1710 1765 1780 ψυχῇ

84 1794 318 1850 θεατέον
351 1797 359 1861 1
394 1789 534 1848 αὐτὰ
563 1790 629 1847 τὰ
661 1790 972 1863 πράγματα·
1003 1792 1096 1847 καὶ
1126 1790 1266 1862 τότε,
1300 1790 1374 1858 ῶς
1405 1797 1601 1865 ἔοικεν,
1631 1791 1822 1865 ἡμῑνΕ

85 1886 237 1937 ἔσται
268 1872 337 1936 οὖ
363 1881 745 1950 ἑπιθυμοῦμέν
769 1901 827 1935 τε
855 1884 956 1934 καί
980 1901 1163 1950 φαμεν
1189 1880 1412 1949 ἐρασταὶ
1436 1878 1598 1952 εἶναι,
1631 1903 1767 1953 φρο-

85 1968 322 2039 νήσεως,
363 1966 586 2023 ἐπειδὰν
623 1965 1058 2038 τελευτήσωμεν,
1107 1964 1182 2031 ῶς
1220 1965 1249 2023 ὁ
1290 1966 1455 2037 λόγος
1493 1973 1766 2040 σημαίνει,

87 2059 250 2123 ζῶσιν
290 2053 352 2110 δὲ
391 2052 473 2109 οὔ.
549 2057 599 2109 εἰ
634 2052 739 2126 γὰρ
787 2052 860 2125 μὴ
908 2049 1032 2130 οἶόν
1078 2075 1136 2110 τε
1182 2054 1316 2123 μετὰ
1361 2059 1462 2112 τοῦ
1514 2055 1766 2127 σώματος

85 2143 259 2215 μηδὲν
303 2145 565 2214 καθαρῶς
607 2146 845 2212 γνῶναι,
900 2146 1062 2198 δυοῖν
1107 2142 1378 2213 θάτερον,
1424 2140 1460 2215 ἢ
1509 2142 1764 2216 οὐδαμοῦ

86 2235 235 2286 ἔστιν
271 2229 582 2301 κτήσασθαι
617 2229 680 2286 τὸ
721 2230 930 2285 εἰδέναι
967 2227 1002 2300 ἢ
1040 2231 1454 2300 τελευτήσασιν·
1492 2231 1616 2288 τότε
1654 2230 1762 2304 γὰρ

86 2316 223 2389 αὐτὴ
260 2316 390 2373 καθ’
434 2315 609 2387 αὑτὴν
647 2314 682 2386 ἡ
722 2315 869 2387 ψυχὴ
911 2320 1061 2372 ἔσται
1095 2318 1102 2390 Ι
1136 2318 1303 2390 χωρὶς
1347 2322 1449 2373 τοῦ
1491 2317 1836 2390 σῶματος,67

85 2405 355 2476 πρότερον
394 2403 447 2461 δ’
491 2403 574 2460 οὔ.
612 2403 704 2459 καὶ
736 2405 795 2459 ἐν
827 2398 871 2479 ᾦ
904 2401 975 2460 ἂν
1009 2408 1202 2476 ζῶμεν,
1234 2405 1427 2473 οὕτως,
1460 2403 1534 2471 ὡς
1565 2411 1762 2478 ἔοικεν,

86 2492 360 2564 ἐγγυτάτω
401 2492 642 2564 ἐσόμεθα
679 2495 780 2547 τοῦ
813 2493 1038 2563 εἰδέναι,
1079 2492 1177 2549 ἐὰν
1211 2492 1296 2549 ὅτι
1328 2494 1560 2563 μάλιστα
1591 2494 1765 2565 μηδὲν

87 2579 363 2651 ὁμιλῶμεν
407 2583 482 2656 τῷ
522 2579 731 2650 σώματι
769 2580 908 2651 μηδὲ
944 2584 1330 2651 κοινωνῶμεν,
1380 2579 1465 2636 ὅτι
1504 2579 1578 2652 μὴ
1617 2585 1766 2638 πᾶσα

86 2666 325 2738 ἀνάγκη,
386 2664 524 2736 μηδὲ
582 2664 1059 2736 ἀναπιμπλώμεθα
1120 2671 1216 2738 τῆς
1267 2667 1470 2723 τούτου
1526 2667 1763 2739 φύσεως,

86 2754 225 2811 ἀλλὰ
262 2751 660 2825 καθαρεύωμεν
700 2751 790 2808 ἀπ’
834 2752 1032 2824 αὐτοῦ,
1080 2756 1181 2819 ἕως
1229 2751 1300 2810 ἂν
1348 2752 1377 2810 ὁ
1425 2753 1558 2819 θεὸς
1598 2752 1766 2820 αὐτὸς

86 2839 337 2913 ἀπολύσῃ
376 2837 538 2911 ἡμᾶς·
575 2839 667 2894 καὶ
706 2837 850 2895 οὕτω
885 2839 985 2910 μὲν
1016 2841 1258 2910 καθαροὶ
1292 2839 1765 2911 ἀπαλλαττόμενοι

173 2937 311 2970 Ρωντο
334 2935 354 2968 1
712 2932 726 2945 ⁶
1471 2932 1495 2972 7
