2020 3198
249 145 355 199 142
917 146 1255 190 ΠΛΑΤΩΝΟΣ
1966 0 2020 315 Ῑ

2007 317 2020 344 a.

246 263 530 336 σηπεδόνα
582 262 709 320 τινὰ
763 263 934 337 λάβῃ,
990 263 1065 330 ῶς
1115 285 1261 331 τινες
1307 267 1525 335 ἔλεγον,
1577 262 1703 320 τότε
1750 261 1820 335 δὴ
1864 261 1935 319 τὰ

246 356 355 427 ζῷα
394 353 781 425 συντρέφεται·
830 353 923 408 καὶ
969 351 1206 425 πότερον
1242 353 1307 408 τὸ
1348 348 1484 424 αἷμά
1523 354 1672 409 ἐστιν
1712 344 1757 427 ῷ
1797 373 1932 425 φρο-
2010 390 2020 455 ³

243 443 480 512 νοῦμεν,
525 438 562 512 ἢ
604 439 633 497 ὁ
675 438 782 513 ἀὴρ
821 438 857 513 ἢ
896 439 959 497 τὸ
999 444 1137 513 πῦρ,
1183 436 1220 511 ἢ
1260 439 1476 496 τούτων
1515 439 1617 512 μὲν
1657 437 1852 511 οὐδέν,
1901 437 1932 496 ὁ
2012 469 2020 519 3

245 525 299 585 δ’
357 528 660 600 ἐγκέφαλός
722 531 872 585 ἐστιν
934 526 963 584 ὁ
1026 527 1125 594 τὰς
1179 527 1471 600 αἰσθήσεις
1523 528 1779 600 παρέχων
1831 530 1934 584 τοῦ
2011 521 2020 571 ἶ

243 614 473 673 ἀκούειν
502 617 596 672 καὶ
627 614 768 689 ὁρᾶν
798 615 892 671 καὶ
924 615 1363 688 ὀσφραίνεσθαι,
1402 618 1462 672 ἐκ
1492 615 1709 672 τούτων
1750 615 1813 672 δὲ
1849 619 1932 687 γί-

243 726 435 777 γνοιτο
474 704 662 777 μνήμη
708 705 801 760 καὶ
848 703 1008 775 δόξα,
1057 706 1116 761 ἐκ
1155 705 1217 761 δὲ
1255 703 1474 776 μνήμης
1503 704 1597 760 καὶ
1636 704 1802 776 δόξης
1839 710 1933 759 λα-

244 793 454 864 βούσης
497 792 560 850 τὸ
609 792 836 866 ἠρεμεῖν
881 791 1019 848 κατὰ
1059 797 1233 849 ταῦτα
1269 798 1568 865 γίγνεσθαι
1606 791 1934 864 ἐπιστήμην·

243 881 337 936 καὶ
375 874 448 936 αὖ
485 880 701 937 τούτων
739 879 836 948 τὰς
874 880 1099 954 φθορὰς
1137 884 1386 952 σκοπῶν,
1433 882 1527 937 καὶ
1563 879 1630 938 τὰ
1670 881 1796 953 περὶ
1833 879 1934 936 τὸν
2012 879 2020 949 ξ

193 969 255 1043 C!
282 966 532 1041 οὐρανὸν
568 969 663 1024 καὶ
699 967 803 1040 τὴν
840 971 948 1040 γῆν
987 968 1163 1041 πάθη,
1201 972 1473 1025 τελευτῶν
1509 966 1687 1035 οὕτως
1718 970 1933 1044 ἐμαυτῷ
2011 983 2020 1027 ὲ·

246 1058 410 1124 ἔδοξα
446 1056 587 1131 πρὸς
623 1056 833 1128 ταύτην
870 1055 974 1129 τὴν
1010 1058 1207 1124 σκέψιν
1240 1056 1424 1129 ἀφυὴς
1455 1055 1618 1128 εἶναι,
1658 1055 1733 1123 ῶς
1763 1055 1933 1114 οὐδὲν
2012 1053 2020 1098 ‘s

243 1148 441 1219 χρῆμα.
517 1144 814 1216 τεκμήριον
856 1145 922 1200 δέ
956 1160 1048 1201 σοι
1087 1147 1194 1219 ἐρῶ
1235 1145 1455 1201 ἱκανόν·
1497 1143 1603 1216 ἐγῶ
1633 1142 1742 1218 γὰρ
1774 1141 1810 1200 ἃ
1841 1145 1933 1200 καὶ

244 1232 518 1306 πρότερον
566 1235 758 1303 σαφῶς
802 1231 1145 1304 ἠπιστάμην,
1198 1231 1273 1299 ῶς
1316 1255 1379 1304 γε
1427 1235 1642 1309 ἐμαυτῷ
1688 1233 1783 1288 καὶ
1818 1243 1934 1299 τοῖς
2018 1255 2020 1258 ⁴

244 1320 436 1387 ἄλλοις
474 1320 738 1391 ἐδόκουν,
783 1319 909 1376 τότε
952 1319 1062 1377 ὑπὸ
1108 1320 1309 1392 ταύτης
1354 1324 1452 1392 τῆς
1498 1322 1741 1388 σκέψεως
1787 1319 1936 1378 οὕτω

245 1409 467 1482 σφόδρα
514 1408 877 1481 ἐτυφλώθην,
930 1407 1070 1465 ῶστε
1115 1407 1411 1481 ἀπέμαθον
1455 1410 1549 1465 καὶ
1594 1406 1631 1464 ἃ
1676 1407 1783 1482 πρὸ
1830 1413 1935 1465 τοῦ

245 1497 404 1575 ῷμην
443 1498 677 1567 εἰδέναι,
728 1497 854 1571 περὶ
901 1496 1087 1552 ἄλλων
1125 1518 1184 1553 τε
1222 1500 1445 1552 πολλῶν
1482 1497 1575 1553 καὶ
1614 1495 1708 1553 διὰ
1745 1502 1803 1552 τί
1836 1495 1936 1553 ἅν-

242 1594 472 1659 θρωπος
516 1583 826 1651 αὐξάνεται.
901 1587 1066 1640 τοῦτο
1111 1583 1219 1658 γὰρ
1268 1583 1426 1661 ῷμην
1472 1583 1580 1658 πρὸ
1626 1588 1728 1641 τοῦ
1766 1586 1933 1641 παντὶ

244 1678 421 1746 δῆλον
461 1670 630 1743 εἶναι,
681 1670 767 1727 ὅτι
813 1671 907 1728 διὰ
952 1674 1014 1728 τὸ
1064 1675 1277 1729 ἐσθίειν
1323 1672 1416 1727 καὶ
1454 1678 1658 1728 πίνειν·
1706 1671 1935 1729 ἐπειδὰν

183 1763 252 1836 D!
279 1761 388 1836 γὰρ
436 1764 496 1818 ἐκ
540 1764 654 1818 τῶν
703 1766 895 1817 σιτίων
940 1773 1061 1827 ταῖς
1106 1761 1209 1833 μὲν
1256 1762 1415 1834 σαρξὶ
1462 1761 1658 1834 σάρκες
1703 1763 1933 1835 προσγέ-

241 1872 478 1922 νωνται,
534 1860 651 1916 τοῖς
705 1849 768 1905 δὲ
823 1847 1035 1915 ὀστέοις
1088 1848 1250 1921 ὀστᾶ,
1304 1850 1397 1906 καὶ
1451 1847 1597 1906 οὕτω
1646 1849 1783 1906 κατὰ
1833 1849 1933 1906 τὸν

243 1938 417 1996 αὐτὸν
456 1939 629 2009 λόγον
659 1938 752 1993 καὶ
790 1948 906 2003 τοῖς
937 1936 1129 2004 ἄλλοις
1157 1938 1223 1994 τὰ
1258 1936 1444 1994 αὐτῶν
1477 1941 1652 1993 οἰκεῖα
1683 1937 1932 2005 ἑκάστοις

241 2029 630 2103 προσγένηται,
669 2026 794 2083 τότε
833 2025 903 2098 δὴ
943 2026 1044 2083 τὸν
1085 2027 1277 2098 ὀλίγον
1318 2026 1488 2097 ὄγκον
1529 2025 1665 2083 ὅντα
1695 2025 1931 2096 ὕστερον

241 2117 421 2174 πολὺν
473 2116 792 2188 γεγονέναι,
845 2116 938 2171 καὶ
993 2113 1139 2171 οὕτω
1193 2120 1489 2186 γίγνεσθαι
1541 2114 1643 2171 τὸν
1698 2114 1931 2188 σμικρὸν

241 2203 550 2278 ἄνθρωπον
612 2204 807 2275 μέγαν·
864 2201 1040 2269 οὕτως
1101 2203 1225 2259 τότε
1279 2201 1458 2278 ῷμην·
1514 2201 1582 2258 οὐ
1638 2206 1785 2259 δοκῶ
1841 2219 1930 2260 σοι

240 2293 518 2366 μετρίως;’
559 2293 804 2363 “ἐ’μοιγε,’
845 2295 951 2362 ἔφη
992 2289 1022 2347 ὃ
1054 2293 1255 2362 Κέβης.
1326 2293 1543 2358 εσκέψαι
1576 2289 1645 2361 δὴ
1676 2292 1768 2346 καὶ
1798 2291 1931 2348 τάδε

240 2386 334 2436 ἔτι.
405 2379 561 2455 ῷμην
599 2381 707 2451 γὰρ
750 2381 953 2444 ἱκανῶς
991 2400 1085 2450 μοι
1118 2382 1324 2450 δοκεῖν,
1364 2377 1530 2435 ὁπότε
1559 2400 1642 2444 τις
1671 2386 1928 2450 φαίνοιτο

239 2468 543 2541 ἅνθρωπος
580 2465 862 2537 παραστὰς
910 2468 1078 2538 μέγας
1117 2470 1328 2539 σμικρῷ
1368 2472 1565 2538 μείζων
1606 2465 1750 2523 εἶναι
1788 2465 1928 2541 αὐτῇ

183 2560 304 2630 Ετῇ
335 2558 573 2628 κεφαλῇ,
616 2555 708 2609 καὶ
740 2557 903 2620 ἵππος
933 2556 1126 2609 ἵππου·
1166 2555 1258 2609 καὶ
1287 2556 1292 2628 Ι
1321 2558 1399 2609 ἔτι
1431 2577 1493 2625 γε
1522 2554 1738 2612 τούτων
1770 2558 1928 2628 ἐναρ-

238 2646 494 2716 γέστερα,
541 2639 609 2696 τὰ
659 2643 790 2697 δέκα
837 2663 931 2713 μοι
978 2640 1159 2697 ἐδόκει
1204 2644 1318 2698 τῶν
1357 2640 1497 2698 ὀκτῶ
1537 2643 1745 2699 πλέονα
1783 2641 1928 2700 εἶναι

239 2730 332 2789 διὰ
381 2730 445 2787 τὸ
499 2730 602 2787 δύο
656 2729 845 2796 αὐτοῖς
894 2738 1257 2802 προσθεῖναι,
1310 2730 1403 2786 καὶ
1452 2729 1515 2786 τὸ
1569 2735 1772 2803 δίπηχυ
1825 2735 1927 2787 τοῦ

237 2823 515 2892 πηχυαίου
550 2824 735 2891 μεῖζον
775 2816 920 2875 εἶναι
959 2817 1052 2874 διὰ
1083 2816 1145 2874 τὸ
1179 2817 1363 2891 ἡμίσει
1395 2817 1570 2875 αὐτοῦ
1601 2817 1926 2893 ὑπερέχειν.’
