2020 3198
221 92 331 147 200
894 95 1232 139 ΠΛΑΤΩΝΟΣ
1849 105 1907 146 26

215 214 289 282 μὴ
328 213 662 283 εὐλαβῶμαι,
701 215 780 267 ἔτι
809 216 1052 285 τήμερον
1084 216 1399 286 σοφώτερος
1430 223 1530 270 τοῦ
1563 214 1788 281 δέοντος
1818 239 1913 288 γε-

215 301 429 355 νέσθαι.
485 304 676 356 σκόπει
708 303 776 372 δὴ
809 302 839 356 3
872 301 1029 371 λέγω.
1083 309 1305 374 πρῶτον
1336 300 1438 373 μὲν
1468 304 1574 375 γὰρ
1600 306 1662 358 τὸ
1686 307 1906 361 τοιόνδε

218 391 306 444 δεῖ
330 389 590 459 ἐννοῆσαι
612 388 738 462 περὶ
763 390 1068 460 ὀνομάτων,
1103 390 1187 444 ὅτι
1210 391 1473 454 πολλάκις
1497 391 1914 464 ἐπεμβάλλομεν

217 479 529 549 γράμματα,
575 479 642 532 τὰ
690 473 740 531 δ’
785 476 1132 548 ἐξαιροῦμεν,
1179 476 1307 550 παρ’
1353 478 1382 532 3
1422 481 1748 549 βουλόμεθα
1788 481 1912 536 ὀνο-

220 567 502 636 μάζοντες,
549 565 642 620 καὶ
688 567 783 630 τὰς
830 567 1093 636 ὀξύτητας
1138 567 1563 637 μεταβάλλομεν.
1645 562 1768 622 οἷον
1812 568 1914 624 Διὶ

149 666 187 710 Β
221 656 405 725 φίλος·
447 662 610 709 τοῦτο
651 655 743 708 ἵνα
784 653 908 708 ἀντὶ
946 655 1186 726 ῥήματος
1226 656 1401 724 ὄνομα
1438 655 1571 724 ἡμῖν
1610 656 1860 727 γένηται,
1903 655 1910 729 Ι

221 746 282 797 τό
327 763 385 796 τε
431 741 621 814 ἕτερον
666 742 909 797 αὐτόθεν
959 745 1091 796 ἰῶτα
1130 742 1406 812 ἐξείλομεν
1444 742 1537 796 καὶ
1575 743 1699 798 ἀντὶ
1738 745 1916 811 ὀξείας

221 838 317 899 τῆς
355 830 523 900 μέσης
562 834 838 899 συλλαβῆς
875 834 1104 901 βαρεῖαν
1143 830 1550 900 ἐφθεγξάμεθα.
1630 833 1813 886 ἄλλων
1852 831 1914 887 δὲ

221 920 551 988 τούναντίον
583 919 926 988 ἐμβάλλομεν
956 919 1263 990 γράμματα,
1296 920 1362 973 τὰ
1396 917 1457 973 δὲ
1487 921 1766 992 βαρύτερα
1791 921 1913 987 ὀξύ-

221 1026 352 1079 τερα
390 1009 772 1078 φθεγγόμεθα.

371 1096 539 1150 ΕΡΜ.
611 1091 817 1164 Ἀληθῆ
858 1093 1048 1163 λέγεις.

373 1183 490 1238 ΣΩ.
574 1184 799 1238 Τούτων
843 1186 1037 1237 τοίνυν
1083 1183 1145 1237 ἓν
1191 1182 1283 1237 καὶ
1327 1185 1390 1237 τὸ
1437 1193 1550 1237 τῶν
1597 1184 1916 1255 ἀνθρώπων

225 1275 400 1344 ονομα
431 1271 731 1341 πέπονθεν,
765 1273 836 1336 ὡς
868 1270 988 1341 ἐμοὶ
1021 1272 1185 1325 δοκεῖ.
1250 1270 1309 1325 ἐκ
1339 1273 1444 1342 γὰρ
1477 1271 1716 1342 ῥήματος
1740 1275 1916 1343 ὄνομα

226 1361 478 1430 γέγονεν,
527 1360 649 1424 ἑνὸς
694 1362 1010 1432 γράμματος
1055 1368 1155 1414 τοῦ
1203 1361 1353 1430 ἄλφα
1400 1359 1777 1432 ἐξαιρεθέντος
1823 1360 1916 1415 καὶ

225 1450 530 1522 βαρυτέρας
567 1456 663 1518 τῆς
700 1453 953 1517 τελευτῆς
991 1447 1305 1518 γενομένης.

374 1538 547 1597 ΕΡΜ.
618 1541 749 1600 Πῶς
787 1535 985 1604 λέγεις;

159 1639 192 1685 C
379 1625 386 1700 Ι
429 1626 546 1680 ΣΩ.
611 1619 754 1679 Ὧδε.
822 1627 1075 1694 σημαίνει
1113 1633 1277 1679 τοῦτο
1317 1627 1378 1679 τὸ
1419 1627 1593 1695 ὄνομα
1632 1625 1662 1680 ὁ
1695 1627 1915 1697 ἄνθρω-

226 1735 352 1785 πος,
400 1715 484 1770 ὅτι
528 1716 594 1768 τὰ
640 1711 741 1783 μὲν
780 1715 917 1767 ἄλλα
954 1715 1127 1784 θηρία
1167 1709 1247 1767 ὧν
1286 1713 1388 1785 ὁρᾷ
1429 1710 1595 1767 οὐδὲν
1634 1713 1919 1768 ἐπισκοπεῖ

228 1801 360 1859 οὐδὲ
406 1803 781 1871 ἀναλογίζεται
819 1798 951 1855 οὐδὲ
990 1801 1251 1872 ἀναθρεῖ,
1299 1800 1329 1855 ὁ
1370 1798 1430 1855 δὲ
1469 1802 1766 1872 ἄνθρωπος
1805 1802 1915 1871 ἅμα

228 1893 468 1964 ἑώρακεν
511 1922 572 1930 -
616 1898 779 1945 τοῦτο
835 1886 886 1944 δ’
939 1888 1054 1944 ἐστὶ
1098 1891 1160 1944 τὸ
1208 1890 1392 1944 ὄπωπε
1436 1920 1495 1929 -
1541 1888 1634 1943 καὶ
1679 1889 1917 1960 ἀναθρεῖ

228 1980 320 2035 καὶ
358 1982 627 2050 λογίζεται
664 1986 827 2033 τοῦτο
868 1978 898 2034 3
939 1980 1173 2033 ὄπωπεν.
1237 1977 1499 2032 ἐντεῦθεν
1539 1974 1600 2032 δὲ
1640 1978 1707 2046 δὴ
1741 1980 1916 2047 μόνον

227 2078 339 2123 τῶν
376 2071 595 2140 θηρίων
634 2069 818 2139 ὀρθῶς
857 2067 886 2122 ὁ
927 2068 1224 2138 ἄνθρωπος
1262 2067 1558 2137 ἄνθρωπος
1594 2066 1916 2136 ὠνομάσθη,

230 2158 496 2228 ἀναθρῶν
535 2157 569 2210 ἃ
609 2158 807 2211 ὄπωπε.

375 2246 541 2299 ΕΡΜ.
618 2247 688 2298 Τί
711 2241 837 2309 οὗν;
878 2246 939 2298 τὸ
973 2244 1106 2314 μετὰ
1137 2250 1299 2297 τοῦτο
1332 2211 1543 2313 ἔρωμαί
1569 2256 1649 2310 σε,
1681 2241 1711 2295 ὃ
1742 2240 1917 2310 ἡδέως

229 2332 299 2387 ἂν
337 2336 650 2403 πυθοίμην

380 2421 495 2476 Σῼ.
575 2422 739 2475 Πάνυ
774 2440 850 2489 γε.

155 2519 196 2564 D
376 2510 542 2563 EPM.
592 2507 801 2579 Ὥσπερ
828 2509 1021 2562 τοίνυν
1045 2526 1139 2576 μοι
1175 2511 1181 2570 Ι
1218 2507 1372 2559 δοκει
1392 2506 1607 2568 τούτοις
1632 2503 1750 2574 ἑξῆς
1774 2500 1923 2559 εἷναί

230 2618 282 2652 τι
319 2604 513 2669 χρῆμα.
581 2598 765 2667 ψυχὴν
803 2597 909 2667 γάρ
947 2613 1056 2649 που
1094 2592 1185 2649 καὶ
1224 2595 1380 2664 σῶμά
1418 2613 1472 2648 τι
1508 2598 1782 2663 καλοῦμεν
1816 2600 1916 2647 τοῦ

231 2686 550 2757 ἀνθρώπου.

380 2773 496 2829 ΣΩ.
575 2777 705 2837 Πῶς
743 2775 847 2843 γὰρ
889 2774 980 2837 ού;
