2020 3198
204 194 281 245 40
879 197 1220 242 ΠΑΑΤΩΝΟΣ

205 307 347 365 ὥστε
398 314 562 367 τοῦτο
602 309 665 368 τὸ
712 317 983 370 τοσοῦτον
1029 313 1204 371 κακὸν
1251 314 1394 373 ἑκών
1442 320 1611 389 ποιῶ,
1664 314 1739 384 ὥς
1779 318 1891 391 φῂς

207 395 308 464 σύ;
346 401 520 453 ταῦτα
559 398 666 470 ἐγώ
707 416 796 456 σοι
836 400 904 456 οὐ
943 405 1235 475 πείθομαι,
1275 397 1320 460 ὦ
1352 405 1597 477 Μέλητε,
1639 403 1787 478 οἶμαι
1827 406 1889 462 δὲ

132 495 190 536 26
208 483 341 540 οὐδὲ
379 484 552 543 ἄλλον
585 486 911 562 ἀνθρώπων
936 489 1166 546 οὐδένα·
1199 489 1323 548 ἀλλ’
1359 489 1394 563 ἢ
1428 492 1496 549 οὐ
1524 494 1530 567 Ι
1560 497 1888 567 διαφθείρω,

206 569 241 644 ἢ
282 576 333 629 εἰ
378 577 718 648 διαφθείρω,
774 576 952 649 ἄκων,
1005 577 1145 636 ὥστε
1196 579 1266 636 σύ
1316 602 1378 652 γε
1427 579 1550 637 κατ’
1603 581 1889 654 ἀμφότερα

206 661 416 728 ψεύδει.
471 667 522 719 εἰ
574 662 636 720 δὲ
690 664 842 721 ἄκων
905 670 1244 739 διαφθείρω,
1302 672 1416 725 τῶν
1475 669 1744 726 τοιούτων
1795 670 1890 726 καὶ

206 747 489 807 ἀκουσίων
520 749 929 825 ἁμαρτημάτων
963 753 1032 810 οὐ
1065 758 1232 829 δεῦρο
1257 757 1431 828 νόμος
1456 757 1696 828 εἰσάγειν
1721 760 1889 828 ἐστίν,

207 835 346 893 ἀλλὰ
403 842 521 914 ἰδίᾳ
573 840 818 911 λαβόντα
869 841 1154 899 διδάσκειν
1207 844 1299 899 καὶ
1349 853 1662 901 νουθετεῖν·
1715 849 1891 917 δῆλον

205 924 314 998 γὰρ
355 923 457 997 ὅτι,
498 925 595 983 ἐὰν
635 928 818 1000 μάθω,
857 930 1140 1001 παύσομαι
1173 929 1205 986 ὅ
1235 953 1298 1001 γε
1337 930 1491 988 ἄκων
1520 921 1675 989 ποιῶ.
1717 933 1788 990 σὺ
1829 932 1890 990 δὲ

209 1015 575 1084 ξυγγενέσθαι
630 1017 730 1086 μέν
781 1039 875 1088 μοι
934 1019 1028 1073 καὶ
1094 1018 1315 1085 διδάξαι
1383 1024 1581 1091 ἔφυγες
1640 1020 1734 1076 καὶ
1788 1020 1891 1078 οὐκ

205 1099 503 1173 ἠθέλησας,
544 1107 711 1176 δεῦρο
754 1104 816 1160 δε
855 1105 1114 1177 εἰσάγεις,
1156 1129 1210 1162 οι
1247 1106 1421 1178 νόμος
1459 1109 1608 1164 ἐστὶν
1648 1109 1890 1181 εἰσάγειν

205 1189 338 1256 τοὺς
375 1191 651 1258 κολάσεως
690 1195 1013 1265 δεομένους,
1053 1192 1176 1250 ἀλλ’
1223 1194 1290 1251 οὐ
1332 1195 1667 1267 μαθήσεως]

355 1280 499 1337 XIV.
571 1277 747 1335 Ἀλλὰ
778 1280 911 1390 γάρ,
946 1304 988 1337 ω
1023 1280 1226 1354 ἄνδρες
1252 1281 1562 1355 Ἀθηναιοι,
1594 1288 1758 1340 τοῦτο
1790 1284 1892 1356 μὲν

146 1384 185 1428 Β
210 1369 383 1438 δῆλον
422 1366 531 1439 ἤδη
573 1370 747 1438 ἐστίν,
788 1365 819 1424 ὃ
853 1368 957 1440 ἐγώ
992 1373 1208 1441 ἔλεγον,
1250 1368 1335 1426 ὅτι
1371 1371 1376 1444 Ι
1407 1371 1645 1446 Μελήτω
1677 1372 1892 1429 τούτων

209 1452 335 1510 οὔτε
374 1455 512 1526 μέγα
543 1454 671 1512 οὔτε
701 1454 901 1528 μικρὸν
933 1456 1152 1513 πώποτε
1189 1459 1464 1530 ἐμέλησεν.
1506 1457 1681 1533 εὅμως
1720 1461 1782 1518 δὲ
1821 1460 1891 1533 δὴ

206 1543 330 1614 λέγε
367 1541 526 1615 ἡμῖν,
566 1547 681 1610 πῶς
719 1567 784 1615 με
824 1544 933 1618 φῂς
973 1549 1351 1618 διαφθείρειν,
1391 1539 1433 1602 ὦ
1482 1547 1722 1619 Μέλητε,
1760 1548 1892 1616 τοὺς

205 1632 533 1704 νεωτέρους;
587 1630 622 1704 ἢ
680 1636 853 1704 δῆλον
913 1633 979 1704 δὴ
1038 1632 1123 1689 ὅτι
1175 1633 1313 1690 κατὰ
1363 1633 1464 1707 τὴν
1516 1637 1766 1709 γραφήν,
1819 1635 1892 1709 ἣν

207 1719 449 1792 ἐγράψω,
501 1720 671 1787 θεοὺς
718 1719 1054 1778 διδάσκοντα
1101 1721 1173 1794 μὴ
1219 1727 1463 1794 νομίζειν
1511 1720 1610 1789 οὓς
1654 1722 1689 1796 ἡ
1735 1724 1894 1792 πόλις

206 1813 439 1879 νομίζει,
495 1809 651 1882 ἕτερα
706 1809 767 1866 δὲ
814 1809 1077 1881 δαιμόνια
1123 1810 1290 1866 καινά
1304 1836 1317 1878 ;
1373 1809 1443 1867 οὐ
1481 1815 1654 1867 ταῦτα
1699 1813 1892 1884 λέγεις,

207 1894 292 1952 ὅτι
346 1895 628 1953 διδάσκων
680 1900 1048 1970 διαφθείρω;’
1114 1898 1289 1954 “πάνυ
1350 1899 1451 1969 μὲν
1509 1893 1615 1956 οὖν
1670 1899 1892 1974 σφόδρα

206 1986 379 2039 ταῦτα
417 1985 601 2055 λέγω.’
643 1984 806 2058 (πρὸς
838 1983 1023 2041 αὐτῶν
1054 1990 1277 2057 τοίνυν,
1319 1979 1363 2043 ὦ
1399 1988 1644 2058 Μέλητε,
1675 1988 1891 2045 τούτων

146 2079 182 2124 C
206 2075 318 2127 τῶν
342 2075 520 2143 θεῶν,
553 2065 633 2129 οἷν
656 2076 764 2128 νῦν
798 2071 827 2129 ὁ
861 2072 1026 2143 λόγος
1057 2075 1229 2143 ἐστίν,
1268 2073 1384 2129 εἰπὲ
1417 2077 1496 2129 ἔτι
1522 2075 1528 2149 Ι
1550 2075 1891 2150 σαφέστερον

204 2160 297 2214 καὶ
324 2160 443 2230 ἐμοὶ
466 2161 558 2215 καὶ
581 2170 695 2226 τοῖς
720 2158 994 2231 ἀνδράσιν
1018 2162 1248 2226 τούτοις.
1290 2160 1395 2232 ἐγὼ
1419 2161 1527 2235 γὰρ
1553 2161 1621 2218 οὐ
1647 2164 1891 2236 δύναμαι

206 2254 435 2317 μαθεῖν,
489 2246 725 2320 πότερον
779 2249 951 2318 λέγεις
999 2248 1285 2304 διδάσκειν
1337 2271 1403 2320 με
1453 2255 1697 2322 νομίζειν
1745 2248 1895 2307 εἷναί

205 2354 359 2400 τινας
397 2334 590 2404 θεούς,
638 2335 729 2389 καὶ
776 2333 943 2400 αὐτὸς
982 2334 1092 2408 ἄρα
1131 2341 1335 2407 νομίζω
1378 2335 1522 2392 εἶναι
1561 2337 1757 2408 θεούς,
1797 2339 1892 2394 καὶ

207 2423 308 2479 οὐκ
361 2422 471 2493 εἰμὶ
522 2421 584 2477 τὸ
638 2421 898 2494 παράπαν
945 2422 1115 2489 ἄθεος
1164 2422 1298 2479 οὐδὲ
1344 2423 1515 2497 ταύτῃ
1564 2422 1764 2495 ἀδικῶ,
1821 2424 1890 2483 οὐ

206 2511 395 2581 μέντοι
450 2508 655 2582 οὕσπερ
701 2531 765 2580 γε
811 2507 845 2580 ἡ
893 2509 1076 2581 πόλις,
1125 2508 1266 2565 ἀλλὰ
1314 2512 1557 2584 ἑτέρους,
1603 2513 1697 2567 καὶ
1733 2511 1886 2569 τοῦτ’

207 2601 356 2652 ἔστιν
408 2595 439 2652 ὅ
486 2619 578 2668 μοι
626 2599 897 2667 ἐγκαλεῖς,
946 2596 1031 2653 ὅτι
1078 2599 1316 2671 ἑτέρους·
1370 2596 1405 2670 ἢ
1453 2598 1772 2656 παντάπασί
1825 2621 1892 2672 με

206 2684 315 2758 φῂς
355 2684 482 2741 οὔτε
522 2684 695 2741 αὐτὸν
734 2690 977 2756 νομίζειν
1009 2685 1180 2752 θεοὺς
1215 2687 1344 2752 τούς
1381 2708 1439 2743 τε
1478 2686 1683 2753 ἄλλους
1718 2690 1892 2743 ταῦτα

206 2772 533 2828 διδάσκειν.’
576 2775 771 2827 “ταῦτα
812 2774 976 2844 λέγω,
1026 2771 1099 2839 ὥς
1143 2773 1205 2830 τὸ
1246 2773 1508 2845 παράπαν
1550 2773 1617 2830 οὐ
1654 2779 1892 2846 νομίζεις

204 2860 416 2926 θεούς.’
474 2861 487 2885 ²
524 2853 544 2877 ³

501 2882 542 2915 ω
599 2859 880 2931 θαυμάσιε
926 2862 1170 2932 Μέλητε,
1227 2862 1321 2916 ἵνα
1374 2867 1431 2916 τί
1471 2865 1644 2917 ταῦτα
1691 2862 1891 2935 λέγεις;
1981 2907 1988 2915 .
