2020 3198
222 208 292 261 48
894 205 1233 250 ΠΛΑΤΩΝΟΣ

168 324 381 382 Βπόλει
427 324 724 395 δεδόσθαι,
773 323 1006 380 ἐνθένδε
1053 320 1127 378 ἀν
1171 325 1176 396 Ι
1218 319 1642 393 κατανοήσαιτε·
1688 319 1759 379 οὗ
1801 319 1908 396 γάρ

224 412 567 489 ἀνθρωπίνῳ
617 416 760 468 ἔοικε
805 409 867 467 τὸ
918 410 1012 482 ἐμὲ
1057 413 1170 466 τῶν
1218 410 1319 481 μὲν
1367 411 1608 481 ἐμαυτοῦ
1645 406 1908 478 ἁπάντων

223 500 556 573 ἠμεληκέναι
599 501 692 557 καὶ
739 499 1042 572 ἀνέχεσθαι
1086 502 1199 554 τῶν
1249 501 1469 554 οἰκείων
1515 496 1909 571 ἀμελουμένων

223 593 467 646 τοσαῦτα
504 588 612 661 ἤδη
654 592 772 660 ἔτη,
819 587 882 644 τὸ
933 587 994 644 δὲ
1031 585 1299 658 ὑμέτερον
1337 585 1609 659 πράττειν·
1636 585 1749 658 ἀεί,
1794 590 1911 662 ἰδίᾳ

226 678 435 754 ἑκάστω
475 676 780 751 προσιόντα
819 674 1002 748 ὥσπερ
1050 676 1256 747 πατέρα
1302 672 1337 746 ἢ
1379 672 1630 746 ἀδελφὸν
1674 675 1911 749 πρεσβύ-

224 788 413 839 τερον,
457 770 728 822 πείθοντα
777 767 1156 836 ἐπιμελεῖσθαι
1203 762 1415 835 ἀρετῆς.
1490 763 1602 838 καὶ.
1633 766 1685 819 εἰ
1721 765 1823 835 μέν
1859 786 1912 820 τι

227 853 335 910 ἀπὸ
382 853 599 910 τούτων
655 851 936 908 ἀπέλαυον
990 851 1083 907 καὶ
1137 849 1346 922 μισθὸν
1393 850 1696 922 λαμβάνων
1741 855 1913 908 ταῦτα

227 941 700 1016 παρεκελευόμην,
756 939 907 1013 εἶχον
954 939 1026 996 ἄν
1069 961 1195 996 τινα
1241 939 1435 1010 λόγον·
1486 942 1594 995 νῦν
1641 939 1704 995 δὲ
1749 937 1914 1013 ὁρᾶτε

229 1031 298 1103 δὴ
344 1031 438 1087 καὶ
485 1028 671 1100 αὐτοί,
728 1028 814 1085 ὅτι
859 1031 918 1085 οἱ
967 1027 1269 1101 κατήγοροι
1314 1021 1488 1083 τᾶλλα
1534 1026 1715 1083 πάντα
1760 1028 1914 1084 ἀναι-

229 1119 476 1192 σχύντως
531 1116 676 1174 οὕτω
730 1120 1171 1190 κατηγοροῦντες
1223 1115 1388 1172 τοῦτό
1436 1138 1500 1188 γε
1555 1115 1657 1189 οὐχ
1703 1112 1819 1172 οἶοί
1857 1138 1915 1172 τε

178 1208 487 1280 Οέγένοντο
551 1205 1068 1277 ἀπαναισχυντῆσαι
1110 1204 1116 1278 Ι
1159 1204 1570 1277 παρασχόμενοι
1644 1203 1914 1277 μάρτυρα,

230 1294 304 1362 ὡς
359 1295 465 1367 ἐγώ
528 1295 664 1350 ποτέ
712 1315 838 1349 τινα
899 1290 934 1364 ἢ
992 1291 1309 1365 ἐπραξάμην
1371 1291 1582 1363 μισθὸν
1634 1288 1670 1363 ἢ
1723 1290 1914 1365 ᾔτησα.

230 1382 427 1440 ἰκανὸν
466 1382 601 1455 γάρ,
651 1380 828 1453 οἶμαι,
878 1379 985 1452 ε’γώ
1033 1381 1338 1453 παρέχομαι
1375 1378 1475 1436 τὸν
1514 1379 1791 1454 μάρτυρα,
1843 1378 1916 1446 ὥς

231 1471 419 1543 ἀληθῆ
460 1472 620 1541 λέγω,
658 1469 764 1540 τὴν
802 1474 1016 1525 πενίαν.

376 1560 519 1615 ΧΙΧ.
582 1556 746 1623 Ἴσως
800 1554 873 1613 ἂν
921 1549 1026 1612 οὖν
1082 1556 1294 1623 δόξειεν
1341 1554 1553 1613 ἄτοπον
1607 1555 1776 1628 εἶναι,
1831 1555 1916 1613 ὅτι

232 1648 300 1720 δὴ
344 1645 448 1718 ἐγώ
484 1648 603 1719 ἰδίᾳ
633 1645 735 1716 μὲν
767 1647 941 1700 ταῦτα
974 1643 1332 1716 ξυμβουλεύω
1365 1644 1597 1717 περιιὼν
1627 1646 1720 1700 καὶ
1751 1651 1917 1701 πολυ-

231 1736 561 1808 πραγμονῶ,
618 1736 859 1807 δημοσίᾳ
906 1732 968 1789 δὲ
1016 1730 1083 1788 οὐ
1129 1735 1311 1804 τολμῶ
1360 1730 1685 1803 ἀναβαίνων
1731 1736 1810 1799 εἰς
1855 1731 1916 1789 τὸ

231 1827 448 1895 πλῆθος
492 1820 554 1878 τὸ
601 1819 870 1894 ὑμέτερον
917 1819 1316 1892 ξυμβουλεύειν
1361 1823 1428 1893 τῇ
1468 1819 1639 1877 πόλει.
1714 1820 1918 1877 τούτου

233 1913 296 1969 δὲ
320 1909 502 1967 αἴτιόν
535 1911 683 1966 ἐστιν
716 1907 747 1965 3
770 1907 929 1980 ὑμεῖς
961 1910 1097 1980 ε’μοῦ
1129 1906 1394 1974 πολλάκις
1426 1906 1696 1978 ἀκηκόατε
1719 1914 1915 1964 πολλα·

179 2002 335 2072 Οχοῦ
371 1999 648 2069 λέγοντος,
690 1995 775 2053 ὅτι
813 2019 908 2068 μοι
945 1995 1109 2052 θεῖόν
1147 2017 1199 2051 τι
1241 1995 1247 2070 Ι
1280 1995 1373 2051 καὶ
1413 1994 1708 2067 δαιμόνιον
1738 2001 1918 2068 γίγνε-

231 2109 322 2143 ται
362 2084 599 2158 [φωνή],
647 2082 678 2140 3
719 2083 788 2156 δὴ
826 2085 919 2140 καὶ
960 2087 1019 2140 ἐν
1058 2087 1123 2157 τῇ
1163 2087 1350 2157 γραφῇ
1393 2085 1765 2159 έπικωμῳδῶν
1804 2086 1919 2141 Μέ-

233 2182 395 2246 λητος
435 2172 735 2245 ἐγράψατο·
776 2172 897 2243 ἐμοὶ
938 2171 999 2227 δὲ
1036 2170 1190 2227 τοῦτ’
1235 2176 1385 2227 ἔστιν
1426 2173 1485 2227 ἐκ
1523 2169 1722 2236 παιδὸς
1755 2170 1918 2246 ἀρξά-

234 2283 405 2334 μενον
467 2261 629 2332 φωνή
690 2282 771 2326 τις
831 2260 1160 2331 γιγνομένη,
1222 2258 1257 2330 ἢ
1322 2257 1455 2314 ὅταν
1515 2251 1768 2330 γένηται,
1831 2259 1919 2316 ἀεὶ

234 2347 530 2420 ἀποτρέπει
570 2370 636 2419 με
673 2351 839 2404 τοῦτο
890 2345 919 2402 3
961 2343 1032 2402 ἂν
1080 2348 1258 2417 μέλλω
1298 2345 1582 2418 πράττειν,
1628 2347 1920 2419 προτρέπει

236 2436 298 2492 δὲ
338 2435 561 2491 οὔποτε·
599 2433 750 2491 τοῦτ’
795 2439 944 2491 ἔστιν
985 2433 1017 2489 ὅ
1056 2457 1151 2505 μοι
1191 2436 1540 2491 ἐναντιοῦται
1570 2431 1638 2489 τὰ
1666 2434 1919 2491 πολιτικὰ

234 2523 508 2596 πράττειν.
583 2523 678 2578 καὶ
725 2522 1017 2593 παγκάλως
1064 2522 1131 2592 γέ
1174 2543 1268 2592 μοι
1308 2525 1464 2577 δοκεῖ
1498 2524 1920 2578 ἐναντιοῦσθαι·
1989 2531 1992 2535 ’

236 2605 300 2668 εὖ
338 2610 446 2684 γὰρ
488 2617 627 2680 ἴστε,
669 2603 712 2666 ὦ
753 2609 955 2683 ἄνδρες
988 2607 1305 2680 Ἀθηναῖοι,
1353 2612 1404 2664 εἰ
1449 2607 1554 2680 ἐγω
1594 2607 1764 2664 πάλαι
1803 2609 1920 2665 έπε-

237 2703 466 2771 χείρησα
519 2697 780 2772 πράττειν
832 2695 899 2752 τὰ
947 2695 1198 2752 πολιτικὰ
1254 2695 1572 2769 πράγματα,
1627 2696 1795 2753 πάλαι
1848 2694 1920 2753 ἄν

181 2785 497 2858 Εάπολώλη
537 2786 629 2842 καὶ
678 2784 795 2842 οὔτ’
846 2782 920 2841 ὂὶν
958 2782 1103 2856 ὑμᾶς
1138 2783 1144 2859 Ι
1180 2782 1437 2856 ὥφελήκη
1479 2782 1646 2841 οὐδὲν
1687 2782 1804 2840 οὔτ’
1849 2780 1921 2839 ἄν

240 2873 493 2945 ἐμαυτόν.
569 2878 667 2930 καί
716 2895 811 2946 μοι
865 2872 937 2944 μὴ
994 2871 1243 2945 ἄχθεσθε
1294 2873 1798 2944 λέγουτι.τάληθῆ·
1852 2869 1923 2928 οὐ
