2020 3198
794 126 1047 207 ΚΡΓΓΩΝ.Υ
1686 161 1754 214 77

73 269 143 347 ἦν
196 275 259 332 τὸ
315 281 532 334 δίκαιον
585 278 678 333 καὶ
730 278 868 351 πρὸς
919 277 1020 334 τὸν
1074 278 1375 350 δεσπότην,
1430 286 1486 335 εἴ
1533 294 1623 335 σοι
1673 275 1755 336 ὧν

31 399 43 402 -
74 364 388 437 ἐτύγχανεν,
429 364 584 436 ὥστε,
624 364 760 439 ἅπερ
799 365 1048 438 πάσχοις,
1087 370 1259 422 ταῦτα
1295 367 1389 422 καὶ
1427 366 1754 437 ἀντιποιεῖν,

74 451 202 508 οὔτε
251 458 432 520 κακῶς
492 453 769 510 ἀκούοντα
829 453 1136 525 ἀντιλέγειν
1191 453 1318 511 οὔτε
1360 458 1368 527 Ι
1408 455 1753 526 τυπτόμενον
1771 476 1824 516 51

73 538 421 598 ἀντιτύπτειν
477 541 603 598 οὔτε
647 541 798 604 ἄλλα
843 546 1072 598 τοιαῦτα
1116 542 1315 598 πολλά·
1361 541 1499 616 πρὸς
1545 544 1607 599 δὲ
1651 542 1754 614 τὴν

71 633 310 702 πατρίδα
349 629 459 703 ἄρα
495 631 587 685 καὶ
625 630 756 696 τοὺς
792 630 1002 701 νόμους
1041 631 1249 698 ἐξέσται
1288 647 1402 703 σοι,
1451 629 1613 702 ὥστε,
1655 632 1753 688 ἐάν

73 733 134 772 σε
189 719 546 790 ἐπιχειροῦμεν
598 716 754 789 ἡμεῖς
808 717 1116 775 ἀπολλύναι
1178 723 1398 775 δίκαιον
1451 717 1754 791 ἡγούμενοι

72 801 241 875 εἶναι,
285 807 378 861 καὶ
417 805 488 862 σὺ
528 806 591 862 δὲ
626 805 769 878 ἡμᾶς
805 806 936 873 τοὺς
973 807 1182 878 νόμους
1226 808 1319 863 καὶ
1355 807 1459 879 τὴν
1497 811 1754 880 πατρίδα,

70 892 203 949 καθ’
259 891 396 950 ὅσον
447 893 704 965 δύνασαι,
758 895 1118 968 ἐπιχειρήσεις
1170 894 1608 966 ἀνταπολλύναι,
1661 895 1755 951 καὶ

72 981 267 1053 φήσεις
310 984 481 1038 ταῦτα
526 986 705 1039 ποιῶν
753 987 938 1038 δίκαια
986 984 1269 1056 πράττειν,
1325 982 1355 1040 ὃ
1402 989 1468 1058 τῇ
1516 982 1755 1058 ἀληθείᾳ

70 1073 167 1140 τῆς
219 1068 415 1141 ἀρετῆς
469 1069 886 1141 ἐπιμελόμενος;
942 1067 976 1142 ’ἢ
1033 1070 1208 1138 οὕτως
1260 1070 1313 1128 εἴ
1364 1073 1561 1143 σοφός,
1616 1071 1756 1128 ὥστε

71 1158 308 1228 λέληθέν
348 1172 426 1227 σε,
467 1155 553 1212 ὅτι
592 1158 796 1229 μητρός
833 1179 891 1214 τε
927 1159 1020 1214 καὶ
1056 1158 1263 1232 πατρὸς
1299 1160 1393 1215 καὶ
1423 1164 1536 1217 τῶν
1569 1159 1754 1216 ἄλλων

71 1244 368 1316 προγόνων
421 1242 682 1301 ἁπάντων
742 1246 1067 1319 τιμιώτερόν
1121 1250 1271 1303 ἐστιν
1324 1246 1360 1319 ἡ
1417 1249 1611 1320 πατρὶς
1661 1248 1754 1303 καὶ

73 1331 406 1404 σεμνότερον
452 1334 544 1388 καὶ
592 1331 896 1407 ἁγιώτερον
941 1336 1034 1390 καὶ
1072 1337 1132 1391 ἐν
1167 1334 1176 1410 Ι
1210 1340 1419 1407 μείζονι
1457 1341 1624 1411 μοίρᾳ
1661 1336 1808 1392 καὶΒ

71 1420 218 1492 παρὰ
257 1429 414 1487 θεοῖς
450 1421 543 1478 καὶ
582 1421 712 1494 παρ’
749 1421 1070 1496 ἀνθρώποις
1099 1435 1217 1490 τοῖς
1245 1429 1389 1482 νοῦν
1421 1430 1626 1498 ἔχουσι,
1661 1425 1755 1480 καὶ

73 1509 336 1579 σέβεσθαι
383 1513 471 1565 δεῖ
511 1510 603 1564 καὶ
649 1513 863 1580 μᾶλλον
909 1508 1157 1567 ὑπείκειν
1203 1514 1297 1568 καὶ
1333 1513 1615 1570 θωπεύειν
1655 1531 1754 1568 πα-

71 1601 232 1670 τρίδα
263 1602 705 1669 χαλεπαίνουσαν
738 1595 772 1670 ἢ
805 1600 1028 1672 πατέρα,
1053 1601 1145 1656 καὶ
1177 1598 1213 1672 ἢ
1245 1607 1463 1658 πείθειν
1495 1599 1752 1674 ἢποιεῖν,

73 1683 107 1739 ὁὶ
147 1681 218 1740 ἄν
255 1685 477 1758 κελεύῃ,
516 1687 609 1741 καὶ
646 1686 903 1758 πάσχειν,
956 1687 1054 1743 ἐάν
1092 1710 1145 1744 τι
1182 1689 1490 1764 προστάττῃ
1530 1698 1753 1760 παθεῖν,

72 1771 307 1844 ἡσυχίαν
374 1772 611 1844 ἄγοντα,
684 1774 841 1830 ἐάντε
908 1774 1212 1832 τύπτεσθαι
1286 1777 1444 1834 ἐάντε
1512 1782 1752 1849 δεῖσθαι,

73 1863 228 1918 ἐάντε
281 1865 358 1927 εἰς
411 1860 654 1932 πόλεμον
708 1861 814 1935 ἄγῃ
868 1864 1303 1936 τρωθησόμενον
1349 1863 1384 1937 ἢ
1432 1864 1753 1922 ἀποθανού-

74 1969 273 2020 μενον,
326 1951 584 2020 ποιητέον
637 1954 834 2020 ταῦτα,
888 1952 979 2006 καὶ
1025 1951 1087 2008 τὸ
1136 1957 1354 2009 δίκαιον
1402 1952 1577 2020 οὕτως
1626 1959 1752 2026 ἔχει,

74 2038 164 2092 καὶ
204 2035 327 2108 οὐχὶ
374 2035 662 2093 ὑπεικτέον
709 2036 843 2093 οὐδὲ
889 2037 1277 2113 ἀναχωρητέον
1325 2040 1459 2098 οὐδὲ
1504 2044 1752 2099 λειπτέον

73 2123 174 2195 τὴν
219 2124 401 2195 τάξιν,
456 2123 595 2180 ἀλλὰ
645 2124 738 2179 καὶ
786 2127 846 2180 ἐν
894 2129 1110 2202 πολέμῳ
1157 2128 1249 2183 καὶ
1303 2132 1364 2185 ἐν
1419 2133 1752 2205 δικαστηρίῳ

73 2212 164 2266 καὶ
202 2215 483 2283 πανταχοῦ
522 2213 805 2283 ποιητέον,
853 2211 888 2267 ἃ
929 2210 1000 2268 ἄν
1045 2216 1240 2288 κελεύῃ
1280 2213 1314 2288 ἡ
1348 2216 1359 2290 1
1391 2216 1550 2285 πόλις
1585 2220 1678 2274 καὶ
1717 2219 1803 2291 ἡΟ

73 2304 289 2372 πατρίς,
335 2297 369 2370 ἢ
409 2304 627 2355 πείθειν
667 2298 867 2372 αὐτήν,
914 2294 951 2374 ᾗ
989 2300 1051 2357 τὸ
1093 2305 1309 2359 δίκαιον
1349 2308 1581 2378 πέφυκε,
1632 2309 1753 2379 βιά-

76 2393 264 2454 ζεσθαι
311 2387 373 2443 δὲ
420 2386 520 2460 οὐχ
568 2386 727 2444 ὅσιον
768 2387 895 2445 οὔτε
934 2391 1138 2462 μητέρα
1183 2390 1310 2448 οὔτε
1347 2396 1569 2467 πατέρα,
1609 2403 1751 2451 πολυ

74 2475 136 2531 δὲ
173 2474 386 2531 τούτων
427 2480 504 2531 ἔτι
544 2469 711 2546 ἦττον
749 2475 851 2548 τὴν
890 2481 1172 2550 πατρίδα;’
1217 2485 1276 2535 τί
1317 2481 1568 2553 φήσομεν
1615 2484 1754 2557 πρὸς

75 2565 270 2632 ταῦτα,
318 2556 360 2617 ὦ
400 2568 649 2636 Κρίτων;
699 2563 884 2636 ἀληθῆ
933 2570 1112 2636 λέγειν
1157 2566 1289 2634 τοὺς
1333 2569 1542 2641 νόμους
1579 2567 1615 2642 ἢ
1657 2570 1750 2637 οὓς

176 2678 178 2680 v
219 2660 309 2701 KP.
356 2648 582 2721 ’Έμοιγε
622 2655 787 2708 δοκεῖ.

220 2738 365 2792 XIII.
427 2746 520 2790 ΣΩ.
585 2740 813 2797 τΣκόπει
851 2747 1070 2813 τοίνυν,
1118 2736 1163 2799 ὦ
1203 2746 1534 2816 Σώκρατες,’
1585 2757 1750 2817 φαῖεν

74 2821 145 2880 ἄν
185 2831 316 2891 ἴσως
356 2827 414 2880 οί
447 2825 629 2897 νόμοι,
671 2830 740 2883 εεί
768 2826 924 2899 ἡμεῖς
953 2834 1126 2886 ταῦτα
1157 2829 1342 2903 ἀληθῆ
1375 2835 1624 2904 λέγομεν,
1667 2834 1750 2890 ὅτι
