2020 3198
1808 0 1851 22 »ζμ
1861 0 2020 131 ..vu-2⁷]

2010 139 2020 148 ,.

214 223 288 276 44
890 226 1228 287 ΠΛΑΤΩΝΟΣ

214 351 353 412 νεῖς,
409 339 576 409 αὐτὸς
621 341 921 398 ἀποθανεῖ·
977 341 1174 399 αὐτίκα
1227 341 1335 415 γάρ
1382 364 1494 414 τοι,
1549 346 1712 414 φησί,
1767 341 1896 415 μεθ’

202 426 441 500 ’Ἕκτορα
479 428 688 501 πότμος
726 431 964 501 ἑτοῖμος·
1006 428 1034 486 ὁ
1077 430 1140 487 δὲ
1176 434 1349 487 ταῦτα
1387 429 1633 497 ἀκούσας
1666 434 1767 487 τοῦ
1799 431 1900 503 μὲν

159 515 471 573 Βθανάτου
508 518 600 572 καὶ
639 521 740 574 τοῦ
778 517 1051 574 κινδύνου
1090 517 1431 592 ὠλιγώρησε,
1471 518 1616 575 πολὺ
1648 518 1712 575 δὲ
1737 519 1742 592 Ι
1769 523 1899 591 μᾶλ-

216 611 318 660 λον
381 607 567 671 δείσας
626 605 688 661 τὸ
756 609 853 678 ζῆν
910 604 1075 672 κακὸς
1137 603 1217 662 ὢν
1270 607 1363 661 καὶ
1414 617 1531 672 τοῖς
1584 611 1767 678 φίλοις
1826 606 1900 679 μὴ

216 703 503 766 τιμωρεῖν,
552 692 773 765 αὐτίκα,
826 699 990 765 φησί,
1040 699 1309 766 τεθναίην
1357 698 1518 766 δίκην
1570 695 1781 761 ἐπιθεὶς
1824 699 1900 771 τῷ

216 780 531 853 ἀδικοῦντι,
585 784 680 837 ἵνα
726 782 799 854 μὴ
857 783 1063 839 ἐνθάδε
1113 783 1260 853 με’νω
1307 784 1709 854 καταγέλαστος
1753 782 1900 857 παρὰ

216 869 382 940 νηυσὶ
412 874 715 942 κορωνίσιν
746 869 924 942 ἄχθος
956 869 1215 943 ἀρούρης.
1280 868 1353 942 μὴ
1387 868 1562 927 αὐτὸν
1594 877 1699 927 οἰέι
1729 893 1900 944 φρον-

215 960 364 1012 τίσαι
394 956 649 1012 θανάτου
679 957 772 1013 καὶ
802 957 1099 1024 κινδύνου;
1141 957 1284 1014 οὕτω
1317 956 1423 1030 γὰρ
1457 962 1583 1030 ἔχει,
1625 952 1669 1015 ὦ
1700 957 1903 1033 ἄνδρες

211 1042 522 1117 Ἀθηναῖοι,
559 1049 626 1119 τῇ
666 1045 926 1121 ἀληθείᾳ·
966 1040 1035 1103 οὗ
1073 1046 1146 1104 ἄν
1185 1069 1266 1114 τις
1298 1046 1499 1103 ἑαυτὸν
1532 1046 1663 1121 τάξῃ
1695 1046 1903 1119 ἡγησά-

218 1154 382 1204 μενος
421 1135 706 1205 βέλτιστον
747 1132 890 1190 εἶναι
921 1132 955 1206 ἢ
987 1132 1083 1191 ὑπ’
1121 1133 1387 1207 ἄρχοντος
1416 1138 1616 1208 ταχθῇ,
1656 1138 1902 1192 ἐνταῦθα

219 1224 322 1292 δεῖ,
362 1219 437 1287 ὥς
476 1222 597 1293 ἐμοὶ
638 1226 813 1294 δοκεῖ,
854 1224 1092 1294 μένοντα
1128 1223 1508 1294 κινδυνεύειν,
1556 1223 1729 1294 μηδὲν
1768 1222 1903 1280 ὑπο-

218 1309 577 1381 λογιζόμενον
617 1311 752 1382 μήτε
795 1311 1050 1367 θάνατον
1097 1311 1230 1383 μήτε
1269 1311 1403 1367 ἄλλο
1443 1311 1617 1383 μηδὲν
1655 1311 1762 1386 πρὸ
1801 1315 1902 1369 τοῦ

219 1401 469 1471 αἰσχροῦ.

365 1488 539 1543 XVII.
611 1487 748 1558 Ἐγὼ
789 1482 894 1544 οὖν
948 1488 1105 1544 δεινὰ
1152 1485 1222 1544 ἂν
1270 1496 1390 1560 εἴην
1431 1490 1811 1560 εἰργασμένος,
1858 1483 1902 1546 ὦ

162 1573 420 1647 Εόἱνδρες
453 1572 769 1646 Ἀθηναῖοι,
818 1579 891 1647 εἰ,
940 1574 1029 1632 ὅτε
1076 1577 1176 1648 μέν
1223 1599 1288 1647 με
1324 1578 1330 1650 Ι
1365 1579 1423 1632 οἵ
1457 1575 1720 1649 ἄρχοντες
1757 1581 1901 1634 ἔτατ-

217 1684 343 1733 τον,
392 1660 489 1729 οὒς
527 1661 683 1734 ὑμεῖς
723 1667 941 1720 εἵλεσθε
980 1663 1171 1736 ἄρχειν
1211 1686 1345 1735 μου,
1396 1665 1488 1720 καὶ
1528 1667 1588 1721 ἐν
1627 1669 1903 1740 Ποτιδαίᾳ

216 1750 310 1806 καὶ
350 1752 409 1807 ἐν
444 1749 767 1823 Ἀμφιπόλει
805 1753 896 1807 καὶ
938 1753 1023 1808 ἐπὶ
1056 1757 1267 1828 Δηλίῳ,
1306 1752 1429 1808 τότε
1468 1752 1569 1823 μὲν
1601 1746 1670 1809 οὗ
1703 1756 1903 1810 ἐκεῖνοι

219 1842 443 1895 ἔταττον
483 1843 680 1911 ἔμενον
721 1839 903 1910 ὥσπερ
948 1841 1041 1895 καὶ
1080 1839 1247 1906 ἄλλος
1290 1862 1371 1906 τις
1409 1841 1500 1895 καὶ
1542 1841 1902 1898 ἐκινδύνευον

218 1926 558 1999 ἀποθανεῖν,
603 1930 706 1984 τοῦ
754 1928 816 1985 δὲ
861 1932 1003 1984 θεοῦ
1051 1928 1367 2000 τάττοντος,
1424 1927 1497 1995 ὥς
1551 1927 1656 1999 ἐγώ
1705 1928 1902 2006 ᾠήθην

217 2038 275 2072 τε
312 2017 406 2071 καὶ
444 2014 750 2088 ὑπέλαβον,
798 2017 1222 2088 φιλοσοφοῦντά
1263 2039 1329 2088 με
1369 2021 1487 2073 δεῖν
1529 2020 1625 2088 ζῆν
1665 2018 1756 2073 καὶ
1797 2017 1903 2085 ἐξε-

217 2104 451 2172 τάζοντα
491 2104 729 2175 ἐμαυτὸν
767 2107 860 2161 καὶ
897 2105 1028 2171 τοὺς
1066 2104 1293 2176 ἄλλους,
1342 2107 1588 2162 ἐνταῦθα
1628 2105 1690 2162 δὲ
1728 2111 1903 2178 φοβη-

146 2209 201 2250 29
219 2194 341 2258 θεὶς
378 2190 412 2264 ἢ
459 2193 714 2249 θάνατον
752 2190 786 2264 ἢ
823 2194 829 2267 Ι
864 2192 1000 2250 ἄλλο
1043 2192 1235 2250 ὁτιοῦν
1276 2198 1501 2267 πρᾶγμα
1551 2199 1763 2265 λίποιμι
1800 2192 1902 2265 τὴν

218 2280 390 2347 τάξιν.
468 2281 659 2337 δεινόν
704 2278 807 2337 τᾶν
855 2288 975 2354 εἴη,
1019 2282 1111 2336 καὶ
1157 2279 1231 2347 ὥς
1281 2280 1508 2352 ἀληθῶς
1556 2280 1669 2338 τότ’
1720 2281 1791 2337 ἄν
1837 2303 1903 2352 με

221 2371 447 2434 δικαίως
501 2367 714 2438 είσάγοι
759 2389 840 2433 τις
887 2372 964 2434 εἰς
1012 2367 1394 2440 δικαστήριον,
1450 2367 1535 2425 ὅτι
1583 2367 1651 2425 οὐ
1698 2373 1902 2440 νομίζω

219 2454 393 2520 θεοὺς
431 2452 575 2510 εἶναι
615 2453 867 2511 ἀπειθῶν
906 2458 971 2527 τῇ
1012 2460 1241 2528 μαντείᾳ
1278 2456 1369 2510 καὶ
1414 2456 1611 2522 δεδιώς
1648 2456 1903 2513 θάνατον

219 2544 313 2599 καὶ
352 2541 608 2613 οἰόμενος
647 2541 822 2614 σοφὸς
860 2540 1002 2598 εἶναι
1043 2541 1145 2598 οὐκ
1184 2541 1279 2598 ὤν.
1354 2541 1417 2599 τὸ
1456 2542 1563 2615 γάρ
1601 2565 1687 2601 τοι
1724 2543 1903 2600 θάνα-

219 2652 319 2687 τον
359 2630 626 2700 δεδιέναι,
673 2623 717 2686 ὦ
766 2628 991 2703 ἄνδρες,
1041 2628 1209 2686 οὐδὲν
1258 2629 1395 2686 ἄλλο
1445 2632 1594 2687 ἐστὶν
1639 2629 1675 2703 ἢ
1716 2635 1903 2688 δοκεῖν

222 2717 404 2790 σοφὸν
459 2715 603 2773 εἶναι
656 2720 730 2790 μὴ
787 2717 941 2775 ὅντα·
997 2722 1184 2775 δοκεῖν
1237 2717 1343 2790 γὰρ
1399 2719 1607 2775 εἰδέναι
1663 2720 1813 2776 ἐστὶν
1867 2716 1902 2775 ὁὶ

223 2805 325 2863 οὐκ
372 2803 540 2862 οἶδεν.
618 2804 734 2863 οἶδε
781 2806 881 2878 μὲν
927 2807 1035 2879 γὰρ
1092 2805 1275 2872 οὐδεὶς
1325 2805 1427 2863 τὸν
1472 2807 1725 2864 θάνατον
1774 2805 1899 2863 οὐδ’

222 2899 273 2951 εἰ
323 2895 582 2967 τυγχάνει
627 2898 702 2970 τῷ
751 2893 1033 2970 ἀνθρώπῳ
1081 2894 1305 2950 πάντων
1360 2896 1618 2967 μέγιστον
1673 2891 1741 2951 ὂν
1792 2897 1904 2951 τῶν
