2020 3198
251 172 322 226 86
927 171 1267 215 ΠΛΑΤΩΝΟΣ
1974 0 2020 352 1

250 293 544 362 [Κρίτων],
567 288 660 345 καὶ
685 291 764 344 ἔτι
782 286 1117 362 Ἑρμογένης
1139 289 1232 344 καὶ
1253 286 1538 359 Ἐπιγένης
1560 287 1655 344 καὶ
1673 290 1942 360 Αἰσχίνης

249 378 342 433 καὶ
383 375 759 449 Ἀντισθένης·
812 369 885 448 ἦν
933 376 995 433 δὲ
1046 376 1138 432 καὶ
1185 376 1508 448 Κτήσιππος
1554 373 1584 432 ὁ
1636 374 1944 442 Παιανιεύς
2006 353 2020 455 ³}

251 466 344 521 καὶ
376 466 690 533 Μενέξενος
718 465 811 521 καὶ
836 464 996 521 ἄλλοι
1019 465 1164 530 τινὲς
1187 467 1300 521 τῶν
1334 467 1668 537 ἐπιχωρίων·
1699 463 1942 521 Πλάτων

255 554 335 626 δέ,
374 551 548 626 οἶμαι,
587 552 833 625 ἠσθένει.

203 649 237 696 0
401 653 497 695 Ex.
560 644 724 704 Ξένοι
765 642 831 698 δέ
863 663 1008 708 τινες
1042 644 1049 714 Ι
1084 645 1367 715 παρῆσαν;
2008 647 2020 683 ¹

404 740 560 782 ΦΑΙΔ.
609 736 744 802 Ναί,
776 735 1020 802 Σιμμίας
1042 731 1104 786 τέ
1123 752 1185 801 γε
1210 727 1239 785 ὁ
1268 733 1513 800 Θηβαῖος
1527 729 1621 785 καὶ
1646 731 1829 801 Κέβης
1851 730 1944 785 καὶ
2012 718 2020 774 *-

261 822 614 890 Φαιδωνίδης
640 819 733 874 καὶ
764 818 1107 891 Μεγαρόθεν
1130 817 1437 889 Εὐκλείδης
1470 839 1529 874 τε
1551 818 1645 874 καὶ
1675 823 1945 890 Τερψίων.

403 917 498 960 EX.
567 913 637 962 Τί
680 909 768 974 δέ;
809 906 1159 979 Ἀρίστιππος
1203 906 1297 961 καὶ
1352 906 1745 978 Κλεόμβροτος
1782 925 1946 979 παρε-

255 995 513 1065 γένοντο;
2011 985 2020 1018 '³

392 1093 562 1160 νΦΑΙΔ.
615 1080 698 1139 Οὐ
740 1086 900 1154 δῆτα’
941 1084 1001 1139 ἐν
1041 1086 1244 1156 Αἰγίνῃ
1284 1081 1392 1156 γὰρ
1434 1083 1687 1153 ἐλέγοντο
1728 1080 1886 1139 εἶναι.

404 1182 499 1223 EX.
547 1169 747 1235 ’Ἀλλος
787 1171 852 1226 δέ
886 1193 968 1236 τις
1006 1174 1214 1241 παρῆν;

407 1268 570 1311 ΦΑΙΔ.
613 1257 835 1330 Σχεδόν
872 1279 926 1314 τι
967 1256 1121 1330 οἶμαι
1158 1257 1391 1324 τούτους
1429 1260 1856 1331 παραγενέσθαι.

404 1357 499 1399 EX.
533 1339 535 1341 ¹
570 1351 640 1401 Τί
675 1339 780 1402 οὖν
821 1346 890 1418 δή
903 1372 916 1414 ;
956 1352 1119 1418 τίνες,
1161 1348 1287 1420 φῄς,
1325 1340 1471 1418 ἦσαν
1511 1349 1570 1403 οί
1604 1347 1786 1418 λόγοι;

406 1436 504 1490 ΙΙΙ.
567 1443 724 1486 ΦΑΙΔ.
785 1432 922 1506 Ἐγώ
965 1451 1054 1490 σοι
1094 1436 1147 1501 ἐξ
1188 1433 1360 1507 ἀρχῆς
1399 1433 1579 1490 πάντα
1617 1434 1948 1508 πειράσομαι

199 1523 652 1595 Βδιηγήσασθαι.
722 1521 810 1578 ἀεὶ
855 1523 963 1595 γὰρ
1012 1522 1080 1594 δὴ
1129 1523 1222 1577 καὶ
1267 1521 1365 1588 τὰς
1411 1524 1661 1595 πρόσθεν
1702 1528 1709 1593 Ι
1743 1521 1948 1597 ἡμέρας

258 1611 552 1683 εἰώθειμεν
606 1614 811 1683 φοιτᾶν
864 1610 957 1665 καὶ
1014 1609 1119 1681 ἐγω
1173 1610 1265 1665 καὶ
1323 1612 1381 1666 οἶ
1432 1609 1592 1666 ἄλλοι
1646 1610 1794 1684 παρὰ
1846 1612 1947 1669 τὸν

257 1699 559 1772 Σωκράτη,
600 1698 997 1770 συλλεγόμενοι
1036 1700 1215 1754 ἕωθεν
1256 1701 1334 1764 εἰς
1370 1696 1433 1754 τὸ
1469 1698 1846 1773 δικαστήριον,
1887 1702 1948 1756 ἐν

259 1782 303 1866 ᾦ
348 1789 441 1844 καὶ
488 1785 523 1860 ἡ
572 1791 697 1859 δίκη
747 1788 984 1858 ἐγένετο·
1034 1791 1272 1858 πλησίον
1318 1785 1426 1860 γὰρ
1473 1781 1544 1859 ἦν
1591 1791 1691 1843 τοῦ
1739 1791 1947 1859 δεσμω-

256 1882 468 1950 τηρίου.
506 1876 901 1950 περιεμένομεν
941 1868 1047 1931 οὖν
1087 1874 1368 1946 ἑκάστοτε,
1410 1876 1512 1940 ἕως
1549 1872 1843 1948 ἀνοιχθείη
1881 1875 1944 1933 τὸ

259 1964 665 2038 δεσμωτήριον,
718 1967 1097 2036 διατρίβοντες
1148 1962 1262 2035 μετ’
1331 1962 1617 2035 ἀλλήλων·
1669 1962 1945 2038 άνεῴγετο

256 2054 364 2127 γὰρ
405 2052 474 2110 οὐ
511 2053 654 2129 πρῴ·
704 2050 890 2124 ἐπειδὴ
933 2052 994 2108 δὲ
1033 2050 1351 2123 ἀνοιχθείη,
1399 2055 1623 2125 εἰσῇμεν
1660 2051 1808 2124 παρὰ
1847 2050 1947 2109 τὸν

257 2141 531 2215 Σωκράτη
570 2141 664 2196 καὶ
701 2138 768 2195 τὰ
808 2138 987 2196 πολλὰ
1027 2139 1428 2212 διημερεύομεν
1467 2140 1582 2217 μετ’
1627 2139 1815 2197 αὐτοῦ.
1854 2141 1947 2196 καὶ

259 2228 329 2301 δὴ
367 2230 460 2285 καὶ
498 2228 623 2286 τότε
661 2232 1030 2300 πρωιαίτερον
1071 2229 1456 2300 συνελέγημεν.
1503 2232 1570 2302 τῇ
1609 2227 1717 2302 γὰρ
1756 2237 1966 2301 προτε-’

259 2322 391 2391 ραία
454 2315 632 2391 ἡμέρᾳ
694 2314 879 2387 ἐπειδὴ
937 2315 1243 2387 ἐξήλθομεν
1299 2319 1357 2372 ἐκ
1409 2320 1511 2373 τοῦ
1567 2319 1947 2390 δεσμωτηρίου

201 2404 537 2479 ΕΙὲσπέρας,
578 2403 930 2474 ἐπυθόμεθα,
972 2402 1057 2459 ὅτι
1094 2402 1158 2459 τὸ
1197 2410 1396 2459 πλοῖον
1442 2406 1501 2460 ἐκ
1547 2403 1744 2476 Δήλου
1782 2403 1948 2477 ἀφιγ-

258 2493 430 2564 μένον
485 2497 584 2562 εἴη.
669 2495 1114 2564 παρηγγείλαμεν
1179 2484 1282 2546 οὖν
1337 2487 1597 2562 ἀλλήλοις
1656 2490 1811 2563 ἥκειν
1873 2492 1948 2560 ὦς

257 2583 598 2652 πρωιαίτατα
638 2583 717 2645 εἰς
755 2578 815 2635 τὸ
858 2578 1077 2643 εἰωθός.
1124 2578 1217 2633 καὶ
1257 2577 1464 2650 ἥκομεν
1501 2579 1594 2634 καὶ
1632 2577 1767 2651 ἡμῖν
1806 2582 1946 2648 ἐξελ-

258 2666 384 2724 θων
417 2666 447 2723 ὁ
478 2666 758 2739 θυρωρός,
793 2665 961 2739 ὅσπερ
988 2666 1178 2722 εἰώθει
1201 2664 1524 2739 ὑπακούειν,
1557 2665 1709 2724 εἶπεν
1732 2669 1946 2742 περιμέ-
2008 2686 2014 2691 ’

258 2777 380 2812 νειν
411 2753 506 2809 καὶ
537 2753 609 2825 μὴ
643 2753 916 2826 πρότερον
947 2755 1229 2826 παριέναι,
1262 2755 1365 2819 ἕως
1396 2751 1467 2810 ἂν
1500 2753 1668 2822 αὐτὸς
1698 2756 1946 2830 κελεύσῃ.
2011 2826 2014 2827 ⁷

261 2841 489 2898 “λύουσι
527 2840 682 2914 γάρ,’
724 2846 848 2913 ἔφη,
891 2843 976 2897 ὀί
996 2843 1191 2897 ἕνδεκα
1222 2842 1495 2914 Σωκράτη
1526 2844 1618 2899 καὶ
1643 2846 1947 2918 παραγγέλ-
2013 2835 2016 2843 ⁴
