2020 3198
856 126 1097 169 ΦΑΙΔΩΝ.
1708 123 1812 176 131

132 244 226 299 καὶ
263 243 500 316 πότερον
534 249 543 310 1
575 242 852 312 κάκεῖνος,
901 240 1083 314 ὥσπερ
1130 239 1274 312 ὑμᾶς
1312 241 1445 314 φῄς,
1493 239 1726 311 ἔνδηλός
1762 254 1868 298 τιΕ

46 381 57 384 -
135 333 350 403 ἐγένετο
403 330 720 404 ἀχθόμενος
772 327 806 401 ἢ
864 328 958 400 οὔ,
1013 328 1152 385 ἀλλὰ
1206 329 1394 403 πρᾴως
1455 331 1679 400 ἐβοήθει
1738 331 1813 405 τῷ

134 420 311 496 λόγως
355 419 449 475 καὶ
495 421 698 484 ἱκανῶς
744 417 1056 489 ἐβοήθησεν
1101 415 1136 489 ἢ
1185 419 1410 485 ἐνδεῶς,
1457 417 1636 473 πάντα
1681 414 1816 488 ἡμῖν

136 513 326 564 δίελθε
364 505 439 573 ὥς
477 505 715 563 δύνασαι
754 504 1131 578 ἀκριβέστατα.
1730 500 1732 502 ’

282 607 439 648 ΦΑΙΔ.
503 596 618 651 Καὶ
657 595 793 666 μήν,
834 588 878 650 ὦ
914 593 1253 667 Ἐχέκρατες,
1300 594 1563 660 πολλάκις
1600 592 1815 665 θαυμά-

135 701 234 750 σας
250 683 522 755 Σωκράτη
542 683 611 739 οὐ
634 682 854 739 πώποτε
876 685 1090 754 μᾶλλον
1115 681 1376 754 ἠγάσθην
1392 679 1425 754 ἢ
1443 681 1565 738 τότε
1581 700 1816 755 παραγε-

133 773 383 844 νόμενος.
458 770 522 827 τὸ
558 771 568 846 Ι
601 771 702 842 μὲν
746 764 851 826 οὖν
891 775 1060 842 ἔχειν,
1101 769 1185 826 ὅτι
1221 772 1373 842 λέγοι
1413 773 1644 841 ἐκεῖνος,
1685 777 1816 835 ἴσως
1832 788 1888 829 89

135 858 304 916 οὐδὲν
343 859 575 917 ἄτοπον·
623 858 761 915 ἀλλὰ
810 863 980 930 ἔγωγε
1026 858 1263 930 μάλιστα
1310 858 1602 930 ἐθαύμασα
1641 857 1815 914 αὐτοῦ

133 951 355 1020 πρῶτον
395 948 496 1020 μὲν
533 951 717 1018 τοῦτο,
758 945 832 1013 ὡς
870 946 1047 1018 ἡδέως
1083 948 1175 1002 καὶ
1207 946 1450 1018 εὐμενῶς
1485 947 1577 1001 καὶ
1617 945 1816 1017 ἀγαμέ-

133 1058 247 1101 νως
283 1040 398 1092 τῶν
422 1040 733 1092 νεανίσκων
757 1035 858 1090 τὸν
891 1035 1061 1105 λόγον
1093 1034 1410 1105 ἀπεδέξατο,
1443 1038 1625 1091 ἔπειτα
1656 1032 1814 1104 ἡμῶν
1888 1070 1890 1073 f

135 1121 207 1188 ὡς
262 1123 427 1190 ὀξέως
477 1123 712 1197 ᾔσθετο,
768 1120 798 1179 ὃ
853 1123 1227 1194 πεπόνθειμεν
1280 1121 1390 1179 ὑπὸ
1444 1126 1557 1179 τῶν
1611 1122 1813 1192 λόγων,

134 1215 317 1268 ἔπειτα
357 1209 431 1277 ὥς
469 1205 532 1267 εὖ
571 1209 714 1283 ἡμᾶς
754 1210 947 1267 ἰάσατο
985 1211 1078 1266 καὶ
1125 1210 1306 1285 ὥσπερ
1344 1210 1686 1282 πεφευγότας
1722 1210 1815 1264 καὶ

133 1296 472 1370 ἡττημένους
501 1297 866 1355 ἀνεκαλέσατο
898 1300 989 1354 καὶ
1021 1299 1364 1372 προύτρεψεν
1397 1297 1532 1371 πρὸς
1556 1298 1618 1354 τὸ
1651 1299 1814 1371 παρέ-

134 1392 343 1443 πεσθαί
375 1410 432 1467 τε
469 1388 562 1442 καὶ
602 1399 898 1443 συσκοπεῐν
935 1387 1034 1443 τὸν
1074 1387 1260 1458 λόγον.

281 1485 371 1527 EX.
435 1479 569 1540 Πῶς
608 1475 704 1546 δή,

281 1572 437 1615 ΦΑΙΔ.
510 1562 647 1634 Ἐγώ
709 1566 830 1635 ἐρῶ.
925 1567 1119 1635 ἔτυχον
1169 1563 1275 1636 γὰρ
1327 1566 1387 1620 ἐν
1438 1564 1587 1637 δεξιᾷ
1639 1560 1812 1618 αὐτοῦ

131 1654 448 1723 καθήμενος
500 1650 648 1723 παρὰ
695 1650 798 1722 τὴν
843 1655 1039 1721 κλίνην
1087 1652 1173 1707 ἐπὶ
1215 1658 1227 1722 Ι
1263 1651 1599 1724 χαμαιζήλου
1644 1649 1866 1720 τινός,Β

133 1738 163 1795 6
212 1740 273 1796 δὲ
319 1740 406 1796 ἐπὶ
446 1739 602 1795 Υπολὺ
650 1737 997 1810 ὑψηλοτέρου
1042 1736 1076 1810 ἢ
1132 1739 1254 1810 ἐγώ.
1337 1737 1655 1809 καταψήσας
1709 1731 1813 1794 οὖν

131 1850 240 1899 μου
291 1827 394 1899 τὴν
439 1826 688 1898 κεφαλὴν
734 1828 824 1882 καὶ
873 1828 1173 1898 συμπιέσας
1225 1827 1321 1892 τὰς
1368 1827 1454 1883 ἐπὶ
1499 1830 1573 1902 τῷ
1622 1825 1813 1898 αὐχένι

130 1920 318 1988 τρίχας
364 1948 432 1956 -
476 1914 667 1971 εἰώθει
705 1914 838 1987 γάρ,
888 1913 1051 1971 ὁπότε
1095 1915 1276 1987 τύχοι,
1322 1920 1533 1981 παίζειν
1581 1937 1688 1985 μου
1736 1917 1813 1979 εἰς

129 2003 226 2068 τὰς
263 2009 451 2075 τρίχας
482 2034 551 2043 —-
587 2001 806 2073 (αὔριον
847 2002 955 2073 δή,’
990 2007 1113 2073 ἔφη,
1149 2005 1315 2072 “ἰ’σως,
1350 1996 1392 2057 ὦ
1431 2006 1677 2072 Φαίδων,
1716 2001 1813 2067 τὰς

131 2089 299 2156 καλὰς
335 2090 509 2161 κόμας
549 2088 838 2162 ἀποκερεῖ.’
917 2091 1153 2159 ’ἔοικενξ
1200 2082 1270 2160 ἦν
1318 2088 1370 2144 δ’
1416 2089 1546 2159 ἐγώ,
1590 2083 1650 2145 ‘15
1692 2090 1811 2146 Σώ-

130 2180 354 2252 κρατες.’
434 2176 574 2248 εοὔκ,
615 2176 685 2233 ἄν
732 2199 794 2248 γε
847 2178 966 2248 ε’μοὶ
1013 2178 1215 2250 πείθη.’
1295 2175 1450 2232 (ἀλλὰ
1498 2179 1597 2244 τι’;’
1643 2171 1715 2248 ἦν
1756 2178 1806 2233 δ’

131 2266 255 2338 ἐγώ.
334 2265 632 2338 ’τήμερονξ
675 2269 799 2336 ἔφη,
840 2263 1008 2336 ”κᾶγώ
1049 2266 1146 2331 τὰς
1186 2264 1317 2336 ἐμὰς
1353 2267 1444 2320 καὶ
1485 2264 1555 2321 σὺ
1593 2266 1810 2337 ταύτας,

131 2355 332 2427 ἐάνπερ
371 2375 433 2424 γε
471 2352 605 2424 ἡμῖν
646 2351 675 2408 6
720 2352 884 2424 λόγος
922 2353 1222 2464 τελευτήσῃ
1254 2353 1346 2408 καὶ
1393 2353 1466 2425 μὴ
1508 2354 1811 2425 δυνώμεθα

130 2441 302 2499 αὐτὸν
342 2440 783 2513 ἄναβιεόσασθαι.
852 2443 943 2497 καὶ
982 2440 1141 2512 ε”γωγ
1187 2441 1276 2512 α’ν,
1313 2448 1320 2510 Ι
1355 2445 1405 2497 εί
1450 2441 1519 2497 σὺ
1560 2450 1680 2513 εἴην
1718 2448 1859 2498 καίΟ

130 2551 195 2602 με
234 2528 528 2600 διαφεύγοι
568 2530 596 2586 6
636 2529 820 2600 λόγος,
861 2534 1092 2636 ἔνορκον
1132 2553 1203 2585 αν
1249 2535 1587 2601 ποιησαίμην
1627 2528 1808 2601 ωσπερ

125 2617 377 2691 Ἀργεῖοι,
417 2616 488 2688 μὴ
531 2616 802 2687 πρότερον
841 2617 1122 2689 κομήσειν,
1162 2618 1293 2689 πρὶν
1333 2640 1404 2672 αν
1434 2618 1643 2688 νικήσω
1676 2617 1808 2673 ἄνα-

129 2706 436 2779 μαχόμενος
468 2703 568 2760 τὸν
595 2710 843 2776 Σιμμίου
873 2727 930 2761 τε
960 2706 1051 2760 καὶ
1082 2707 1329 2776 Κέβητος
1359 2705 1563 2775 λόγον)
1627 2703 1787 2775 ἀλλ’,
1791 2708 1807 2730 ’

127 2789 199 2866 ἦν
239 2793 290 2850 δ’
336 2792 459 2866 ἐγώ,
509 2791 664 2862 επρὸς
703 2792 806 2848 δύο
854 2794 1064 2864 λέγεται
1113 2790 1234 2849 οὐδ’
1287 2790 1315 2847 6
1366 2795 1647 2865 Ἡρακλῆς
1693 2789 1808 2858 οἷός

1477 2882 1535 2926 9*
