2020 3198
247 136 316 189 72
918 138 1256 182 ΠΛΑΤΩΝΟΣ

388 263 485 309 ΣΩ.
543 224 705 311 ρΑλλόι
736 253 852 327 μετ’
888 257 1103 312 ἐκείνου
1135 253 1224 327 ἄρ’
1252 253 1386 328 ἡμῖν
1418 255 1623 327 βιωτὸν
1655 259 1926 330 διεφθαρ-
1999 273 2006 282 “

241 343 431 414 μένου,
473 336 518 420 ᾦ
555 343 618 400 τὸ
661 343 860 400 ἄδικον
899 344 1000 416 μὲν
1039 347 1310 415 λωβᾶται,
1349 343 1411 399 τὸ
1454 344 1516 400 δὲ
1556 348 1774 402 δίκαιον
1814 345 1924 404 ὀνί-
2002 360 2020 427 ξ

240 447 432 502 νησιν;
487 428 523 503 ἢ
580 432 929 504 φαυλότερον
982 430 1275 504 ἡγούμεθα
1329 430 1473 489 εἶναι
1523 437 1625 490 τοῦ
1675 433 1928 507 σώματος

167 542 224 584 48
243 520 447 591 ἐκεῖνο,
502 517 588 576 ὅτι
633 520 754 577 ποτ’
807 520 920 577 ἐστὶ
964 523 1077 577 τῶν
1120 522 1128 594 Ι
1168 519 1472 595 ἡμετέρων,
1525 522 1650 595 περὶ
1704 519 1735 580 ὃ
1780 522 1818 596 ἦ
1868 545 1926 580 τε
2009 529 2020 593 ξ

241 604 431 663 ἀδικία
468 608 561 663 καὶ
599 606 633 680 ἡ
675 608 1002 680 δικαιοσύνη
1044 611 1219 678 έστίν;
2015 606 2020 614 ..

387 706 478 749 ΚΡ.
543 695 831 769 Οὐδαμῶς.

388 790 485 835 ΣΩ.
544 782 705 839 Ἀλλὰ
745 783 1096 857 τιμιώτερονς

389 882 479 924 ΚΡ.
541 871 704 927 Πολύ
742 894 819 942 γε.

389 967 486 1012 ΣΩ.
553 961 669 1017 Οὐκ
702 960 827 1032 ἄρα,
860 954 905 1016 ὦ
937 962 1198 1031 βέλτιστε,
1230 960 1380 1018 πάνυ
1410 960 1544 1034 ἡμῖν
1577 961 1722 1021 οὕτω
1755 986 1923 1038 φρον-
2010 952 2020 966 ᾖ

241 1049 477 1127 τιστέον,
516 1053 575 1103 τί
602 1051 828 1121 ἐροῦσιν
864 1052 921 1105 οἱ
948 1050 1144 1105 πολλοὶ
1175 1048 1335 1122 ἡμᾶς,
1375 1049 1497 1106 ἀλλ’
1535 1050 1621 1108 ὅτι
1652 1050 1682 1109 ὁ
1721 1056 1924 1110 ἐπαΐων

241 1137 367 1209 περὶ
403 1140 517 1193 τῶν
558 1140 789 1192 δικαίων
827 1138 920 1193 καὶ
959 1137 1188 1208 ἀδίκων,
1228 1136 1256 1194 ὁ
1299 1136 1376 1205 εἷς
1413 1139 1506 1194 καὶ
1545 1138 1683 1212 αὐτὴ
1721 1139 1756 1212 ἡ
1796 1139 1927 1214 ἄλή-
1981 1127 1986 1134 v

240 1233 386 1281 θεια.
465 1224 602 1282 ὥστε
656 1229 880 1298 πρῶτον
927 1226 1028 1298 μὲν
1076 1226 1247 1300 ταύτῃ
1305 1226 1406 1283 οὐκ
1461 1226 1648 1299 ὀρθῶς
1702 1233 1927 1302 εἰσηγεῖ,

242 1313 636 1385 εἰσηγούμενος
673 1318 770 1385 τῆς
807 1317 920 1370 τῶν
957 1319 1180 1372 πολλῶν
1221 1314 1386 1387 δόξης
1425 1320 1545 1372 δεῖν
1582 1315 1725 1388 ἡμᾶς
1755 1341 1928 1391 φρον-

241 1408 406 1470 τίζειν
453 1404 577 1474 περὶ
622 1406 734 1459 τῶν
782 1407 1014 1460 δικαίων
1060 1405 1154 1460 καὶ
1197 1408 1384 1461 καλῶν
1430 1406 1523 1460 καὶ
1563 1404 1798 1476 ἀγαθῶν
1835 1407 1929 1462 καὶ

241 1494 354 1546 τῶν
394 1492 679 1547 ἐναντίων.
756 1489 895 1547 ἀλλὰ
935 1492 1036 1563 μὲν
1077 1491 1167 1563 δή,
1207 1497 1344 1563 φαίη
1383 1490 1436 1562 γ’
1473 1491 1545 1547 ἄν
1584 1514 1682 1564 τις,
1722 1490 1839 1551 οἷοί
1871 1498 1932 1552 τέ

186 1593 225 1638 Β
242 1582 384 1636 εἰσιν
409 1578 551 1652 ἡμᾶς
577 1582 634 1636 οἱ
654 1580 849 1636 πολλοὶ
870 1579 1308 1653 [ἀποκτιννύναι.
1362 1584 1502 1651 δῆλα
1529 1580 1597 1652 δὴ
1624 1582 1717 1638 καὶ
1739 1586 1928 1640 ταῦτα.

389 1678 479 1720 KP.
548 1673 693 1739 Φαίη
733 1667 838 1740 γὰρ
880 1668 969 1739 ἄν,
1010 1662 1052 1724 ὦ
1094 1669 1401 1740 Σώκρατες.

390 1766 486 1809 Σῼ.
545 1755 752 1828 Ἀληθῆ
794 1757 982 1827 λέγεις.
1061 1755 1205 1827 ἀλλ’,
1247 1751 1290 1814 ὦ
1329 1757 1629 1829 θαυμάσιε,
1669 1751 1834 1824 οὗτός
1871 1780 1929 1815 τε

243 1845 274 1903 ὁ
314 1846 503 1919 λόγος,
544 1844 611 1903 ὃν
653 1845 1090 1917 διεληλύθαμεν,
1139 1849 1322 1917 ἔμοιγε
1362 1849 1518 1902 δοκεῖ
1554 1844 1745 1918 ὅμοιος
1784 1844 1929 1902 εἶναι

245 1939 367 2011 [τῷ]
407 1935 500 1990 καὶ
538 1933 833 2006 πρότερον·
879 1934 972 1989 καὶ
1010 1932 1174 1989 τόνδε
1213 1927 1286 1989 αὖ
1325 1932 1532 2003 σκόπει,
1573 1936 1624 1990 εἰ
1659 1938 1739 1991 ἔτι
1777 1935 1928 2006 μένει

242 2023 377 2096 ἡμῖν
423 2021 459 2096 ἢ
508 2022 601 2093 οὔ,
657 2021 742 2079 ὅτι
799 2021 865 2078 οὐ
919 2021 982 2078 τὸ
1034 2025 1130 2093 ζῆν
1175 2021 1301 2094 περὶ
1345 2026 1605 2078 πλείστου
1649 2022 1928 2094 ποιητέον,

244 2112 383 2168 ἀλλὰ
423 2111 486 2168 τὸ
528 2106 590 2168 εὖ
633 2115 744 2182 ζῆν.

391 2211 481 2253 KP.
538 2199 699 2255 Ἀλλά
740 2200 907 2271 μένει.

392 2297 488 2342 ΣΩ.
557 2286 632 2343 Τὸ
675 2287 736 2343 δὲ
776 2281 839 2343 εὖ
877 2287 971 2342 καὶ
1008 2289 1189 2353 καλῶς
1226 2288 1319 2342 καὶ
1352 2290 1575 2352 δικαίως
1607 2284 1692 2342 ὅτι
1720 2284 1928 2342 ταύτόν

245 2380 412 2447 ἐστιν,
454 2377 606 2448 μένει
644 2373 679 2446 ἢ
721 2373 789 2430 οὐ
828 2376 1005 2445 μένει;

391 2475 481 2516 ΚΡ.
544 2464 736 2520 Μένει.

392 2555 484 2608 ΙΧ.
555 2561 650 2607 ΣΩ.
719 2550 942 2607 Οὐκοῦν
990 2552 1049 2606 ἐκ
1093 2553 1207 2606 τῶν
1254 2548 1716 2621 ὁμολογουμένων
1761 2552 1927 2605 τοῦτο

245 2643 534 2712 σκεπτέον,
603 2639 840 2712 πότερον
903 2642 1120 2695 δίκαιον
1182 2637 1276 2709 ἐμὲ
1336 2638 1569 2693 ἐνθένδε
1628 2641 1928 2710 πειρᾶσθαι
2015 2707 2017 2711 ¹

193 2731 447 2797 Οέξιέναι
495 2726 567 2800 μὴ
602 2727 612 2799 Ι
646 2726 927 2799 ἀφιέντων
969 2725 1285 2797 Ἀθηναίων
1337 2721 1372 2796 ἢ
1428 2723 1496 2781 οὐ
1544 2728 1784 2781 δίκαιον·
1835 2724 1928 2780 καὶ
2017 2732 2020 2733 ’

244 2818 344 2875 ἐὰν
376 2817 478 2888 μὲν
510 2819 776 2887 φαίνηται
810 2818 1046 2885 δίκαιον,
1072 2813 1411 2887 πειρώμεθα,
1437 2815 1488 2869 εί
1518 2812 1580 2869 δὲ
1610 2812 1704 2885 μή,
1737 2813 1927 2883 ἐῶμεν.
2016 2810 2020 2865 ᾗ
