2020 3198
805 153 1049 197 ΦΑΙΔΩΝ.
1656 154 1761 207 161

89 276 310 324 κεῖσθαι
348 273 422 345 τῷ
465 268 716 346 οὐρανῷ,
763 272 823 326 ἐν
870 262 1017 345 ᾧπέρ
1065 272 1178 326 ε’στι
1223 268 1289 325 τὰ
1336 269 1537 343 ἄστρα,
1587 269 1656 327 ὃν
1702 269 1772 343 δὴ

26 404 37 407 -
90 357 291 429 αἰθέρα
331 355 619 429 ὀνομάζειν
653 363 661 425 Ι
693 355 825 422 τοὺς
855 355 1096 422 πολλοὺς
1123 360 1237 413 τῶν
1275 358 1400 430 περὶ
1438 357 1503 414 τὰ
1542 363 1825 415 τοιαῦταί)

90 443 378 500 εἰωθότων
416 445 619 516 λέγειν·
660 437 730 500 οὗ
769 443 839 515 δὴ
879 443 1248 517 ὑποστάθμην
1287 450 1460 501 ταῦτα
1499 444 1643 502 εἶναι
1681 448 1773 502 καὶ

91 533 312 605 ξυρρεῖν
351 531 437 588 άεὶ
477 535 555 598 εἰς
591 531 658 588 τὰ
696 539 858 588 κοῖλα
894 537 991 604 τῆς
1028 537 1142 605 γῆς.
1217 531 1363 606 ἡμᾶς
1410 528 1517 590 οὖν
1558 538 1773 591 οἰκοῦν-

89 640 186 685 τας
224 622 284 676 ἐν
320 632 437 687 τοῖς
473 626 681 687 κοίλοις
720 619 891 692 αὐτῆς
928 623 1224 693 λεληθέναι
1261 623 1355 678 καὶ
1395 630 1615 679 οἰέσθαι
1654 622 1772 679 ἄνω

91 708 178 763 ἐπὶ
229 710 324 780 τῆς
375 712 476 780 γῆς
529 713 729 780 οἰκεῖν,
784 707 966 782 ὥσπερ
1021 706 1093 765 ἄν
1146 716 1202 766 εἴ
1247 731 1330 776 τις
1387 712 1447 766 ἐν
1502 712 1648 786 μέσῳ
1696 715 1772 786 τῷ

89 797 334 867 πυθμένι
363 800 464 853 τοῦ
496 796 769 868 πελάγους
794 800 964 854 οἰκῶν
989 798 1163 854 οἰόιτό
1186 820 1244 855 τε
1269 799 1357 854 ἐπὶ
1379 802 1475 870 τῆς
1497 799 1775 871 θαλάττης

91 887 264 940 οἰκεῖν
311 884 403 939 καὶ
458 884 550 940 διὰ
602 888 704 941 τοῦ
749 884 954 951 ὕδατος
1001 884 1150 958 ὁρῶν
1200 885 1299 942 τὸν
1352 886 1515 958 ἥλιον
1568 888 1660 943 καὶ
1706 886 1772 943 τὰ

89 970 229 1027 ἄλλα
267 970 441 1044 ἄστρα
478 972 580 1044 τὴν
618 971 903 1029 θάλατταν
941 972 1132 1045 ἡγοῖτο
1183 973 1432 1046 οὐρανὸν
1471 972 1640 1046 εἶναι,
1681 974 1775 1031 διὰ

90 1058 153 1115 δὲ·
198 1058 516 1132 βραδυτῆτά
562 1080 621 1116 τε
665 1059 757 1114 καὶ
812 1058 1115 1116 ἀσθένειαν
1169 1060 1526 1132 μηδεπώποτε
1572 1062 1659 1118 ε’πὶ
1705 1054 1773 1117 τὰ

93 1145 262 1220 ξᾶκρα
321 1151 418 1219 τῆς
472 1146 751 1218 θαλάττης
805 1146 1109 1219 ἀφιγμένος
1163 1147 1303 1218 μηδὲ
1356 1147 1609 1221 ἑωρακώς
1662 1157 1824 1221 εἴη,])

90 1233 250 1300 ἐκδὺς
280 1235 372 1290 καὶ
412 1233 701 1301 ἀνακύψας
741 1236 799 1290 ἐκ
836 1238 933 1306 τῆς
979 1235 1258 1306 θαλάττης
1305 1239 1383 1301 εἰς
1428 1234 1528 1292 τὸν
1569 1237 1775 1293 ἐνθάδε

88 1322 287 1393 τόπον,
337 1321 448 1396 ὅσω
494 1322 889 1395 καθαρώτερος
939 1324 1032 1378 καὶ
1085 1327 1327 1379 καλλίων
1381 1325 1639 1397 τυγχάνει
1693 1323 1773 1382 ὢν
1826 1332 1831 1336 ’

89 1413 189 1467 τοῦ
229 1408 374 1482 παρὰ
417 1415 598 1481 σφίσι,
640 1410 779 1482 μηδὲ
826 1410 999 1466 ἄλλου
1045 1408 1298 1481 άκηκοώς
1344 1418 1428 1483 εἰη
1466 1416 1568 1469 τοῦ
1607 1414 1773 1483 ἑωρα-

90 1498 261 1564 κότος.
321 1495 526 1554 ταύτὸν
558 1497 627 1569 δὴ
661 1502 828 1554 τοῦτο
860 1499 953 1554 καὶ
984 1496 1125 1570 ἡμᾶς
1155 1501 1520 1556 πεπονθέναι·
1555 1504 1773 1556 οἰκοῦν-

88 1607 185 1651 τας
221 1584 328 1659 γάρ
368 1590 428 1640 ἔν
465 1580 575 1641 τινι
614 1591 783 1661 κοίλῳ
823 1589 920 1658 τῆς
957 1590 1058 1658 γῆς
1105 1594 1325 1642 οἴεσθαι
1374 1588 1557 1644 ἐπάνω
1604 1587 1774 1660 αὐτῆς

90 1678 286 1744 οἰκεῖν,
332 1673 424 1728 καὶ
462 1672 559 1730 τὸν
599 1671 734 1747 ἀέρα
774 1672 1020 1747 οὐρανὸν
1056 1682 1271 1747 καλεῖν,
1319 1674 1393 1741 ὥς
1440 1675 1532 1732 διὰ
1570 1676 1773 1732 τούτου

89 1761 337 1833 οὐρανοῦ
378 1760 539 1828 ὄντος
582 1762 648 1817 τὰ
689 1761 863 1835 ἄστρα
902 1767 1212 1835 χωροῦντα·
1259 1762 1322 1819 τὸ
1363 1764 1425 1820 δὲ
1464 1763 1608 1820 εἶναι
1645 1765 1773 1820 ταύ-

87 1850 204 1921 τόν,
228 1848 323 1906 ὑπ’
359 1847 655 1914 ἀσθενείας
684 1850 777 1905 καὶ
807 1853 1151 1921 βραδυτῆτος
1184 1852 1192 1922 Ι
1227 1850 1327 1922 οὐχ
1353 1854 1506 1918 οἵους
1535 1873 1593 1907 τε
1625 1849 1821 1908 εἶναιΕ

87 1936 230 2010 ἡμᾶς
269 1938 573 2003 διεξελθεῖν
621 1936 703 1992 ἐπ’
765 1941 996 2008 ἔσχατον
1042 1937 1142 1994 τὸν
1196 1936 1353 2011 άέρα·
1402 1941 1542 2010 ε’πεί,
1598 1946 1653 1995 εἰ
1691 1961 1773 2006 τις

90 2022 383 2102 αὐτοῦ,ἐπ’
426 2023 567 2096 ἄκρα
608 2029 766 2080 ἔλθοι
804 2021 839 2096 ἢ
872 2023 1078 2096 πτηνὸς
1115 2026 1413 2097 γενόμενος
1452 2024 1770 2101 άνάπτοιτο,

89 2116 334 2168 κατιδεῖν
388 2110 459 2167 ἂν
505 2110 893 2182 άνακύψαντα,
949 2112 1131 2186 ὥσπερ
1186 2114 1393 2169 ἐνθάδε
1455 2117 1513 2170 οἱ
1565 2118 1623 2171 ἐκ
1675 2120 1772 2188 τῆς

88 2199 366 2270 θαλάττης
435 2198 627 2271 ἰχθύες
695 2198 1102 2266 ἀνακύπτοντες
1171 2199 1342 2273 ὁρῶσι
1410 2201 1476 2258 τὰ
1547 2203 1771 2275 ἐνθάδε,

90 2287 263 2354 οὕτως
302 2286 374 2343 ἄν
418 2309 543 2343 τινα
588 2288 680 2343 καὶ
723 2287 790 2343 τὰ
834 2291 948 2345 ἐκεῖ
983 2292 1253 2359 κατιδεῖν,
1303 2290 1395 2345 καὶ
1435 2294 1486 2346 εἰ
1529 2288 1563 2363 ἡ
1604 2292 1771 2363 φύσις

89 2374 251 2447 ἱκανὴ
284 2383 367 2448 εἴη
400 2374 696 2447 ἀνέχεσθαι
729 2381 1044 2450 θεωροῦσα,
1076 2381 1288 2448 γνῶναι
1322 2376 1411 2448 ἄν,
1446 2377 1530 2434 ὅτι
1563 2380 1771 2447 ἐκεῖνός

90 2467 237 2519 ἐστιν
285 2461 314 2519 ὁ
362 2462 588 2535 άληθῶς
634 2462 875 2537 οὐρανὸς
919 2465 1013 2520 καὶ
1058 2464 1119 2521 τὸ
1168 2463 1395 2536 άληθῶς
1441 2470 1561 2537 φῶς
1605 2468 1696 2523 καὶ
1735 2467 1770 2539 ἡ

93 2548 195 2623 Ιῶς
232 2549 456 2621 άληθῶς
492 2555 578 2622 γῆ.
655 2551 754 2623 ἥδε
795 2552 895 2623 μὲν
934 2552 1040 2625 γὰρ
1080 2550 1115 2624 ἡ
1155 2557 1225 2624 γῆ
1258 2553 1350 2607 καὶ
1391 2557 1448 2608 οἱ
1483 2560 1638 2610 λίθοι
1676 2556 1859 2610 καὶ110

90 2636 228 2703 ἄπας
274 2635 304 2693 ὅ
351 2637 520 2703 τόπος
565 2636 594 2694 ὁ
644 2639 852 2695 ἐνθάδε
910 2641 1296 2713 διεφθαρμένα
1344 2641 1492 2696 ἐστὶν
1539 2642 1631 2697 καὶ
1676 2665 1770 2697 κα-

88 2725 494 2795 ταβεβρωμένα,
535 2723 715 2797 ὥσπερ
747 2726 812 2782 τὰ
849 2730 909 2783 ἐν
939 2732 1004 2801 τῇ
1038 2727 1284 2800 θαλάττῃ
1317 2726 1425 2783 ὑπὸ
1458 2732 1553 2799 τῆς
1577 2727 1769 2800 ἅλμης,

86 2811 179 2867 καὶ
226 2810 352 2867 οὔτε
399 2811 597 2883 φύεται
645 2813 811 2870 οὐδὲν
858 2814 1015 2882 ἄξιον
1062 2815 1235 2886 λόγου
1282 2817 1342 2871 ἐν
1388 2818 1453 2887 τῇ
1499 2817 1764 2889 θαλάττῃ,

175 2908 312 2941 PnAro
336 2908 355 2940 1
1440 2907 1491 2947 11
