2020 3198
253 145 325 197 22
926 148 1263 191 ΠΛΑΤΩΝΟΣ
1287 194 1289 196 ,

251 261 550 335 ὑπηρετικὴ
591 267 668 328 εἰς
705 267 857 330 τίνος
896 268 1064 336 ἔργου
1110 263 1452 338 ἀπεργασίαν
1494 264 1754 338 τυγχάνει
1794 257 1933 321 οὖσα

250 349 576 425 ὑπηρετικῆς
618 351 721 408 οὐκ
760 355 838 419 εἰς
874 349 1087 424 ὑγιείας
1127 360 1256 422 οἱἐι;

398 448 541 493 ΕΤΘ.
585 439 813 512 ’Ἑγωγε

398 538 493 584 ΣΩ.
578 534 648 584 Τί
697 530 784 598 θές
847 527 880 601 ἡ
944 538 1251 602 ναυπηγοῖς
1302 527 1601 604 ὑπηρετικὴ
1656 534 1734 598 εἰς
1785 535 1933 597 τίνος

200 622 238 667 Ε
259 617 443 692 Ῑέργου
483 617 824 692 ἀπεργασίαν
863 617 1163 691 ὑπηρετική
1204 621 1377 687 ἐστιν;

397 715 538 761 ΕΤΘ.
595 711 789 779 Δῆλον
830 705 939 778 ὅτι,
981 701 1025 764 ὦ
1065 707 1381 780 Σώκρατες,
1422 711 1499 774 εἰς
1537 711 1750 764 πλοίου.

398 804 493 849 ΣΩ.
549 795 663 851 Καὶ
701 793 736 866 ἡ
778 795 1098 867 οἰκοδόμοις
1136 797 1203 866 γε’
1237 816 1347 853 που
1386 800 1465 863 εἰς
1507 799 1709 863 οἰκίας;

397 891 538 936 ΕΤΘ.
593 888 724 939 Ναί.

398 980 493 1025 ΣΩ.
570 971 710 1027 Εἰπὲ
758 970 853 1043 δή,
902 965 945 1028 ὦ
994 970 1203 1045 ἄριστε·
1250 970 1284 1043 ἡ
1333 972 1396 1028 δὲ
1440 980 1597 1038 θεοῖς
1634 970 1932 1045 ὑπηρετικὴ

250 1063 328 1126 εἰς
364 1065 515 1126 τίνος
554 1064 722 1133 ἔργου
761 1058 1105 1133 ἀπεργασίαν
1145 1059 1443 1133 ὑπηρετικὴ
1484 1057 1555 1117 ἂν
1602 1067 1712 1132 εἴης
1762 1064 1935 1133 δῆλον
2014 1095 2015 1099 =

249 1147 356 1220 γὰρ
398 1147 482 1204 ὅτι
522 1146 593 1204 σὺ
635 1146 831 1219 οἶσθα,
874 1148 1164 1221 ἐπειδήπερ
1203 1148 1269 1203 τά
1309 1170 1372 1220 γε
1410 1156 1541 1205 θεῖα
1571 1147 1836 1206 κάλλιστά
1874 1171 1936 1218 γε
2012 1216 2014 1218 v

251 1236 361 1310 φῂς
399 1238 608 1293 εἰδέναι
648 1235 984 1309 ἀνθρώπων.

398 1333 539 1378 ΕΤΘ.
597 1325 711 1380 Καὶ
751 1322 936 1396 ἀληθῆ
977 1347 1039 1395 γε
1077 1326 1236 1396 λέγω,
1278 1318 1322 1381 ὦ
1363 1325 1671 1398 Σώκρατες.

399 1422 495 1466 Σῼ.
572 1413 712 1468 Εἰπὲ
760 1411 829 1484 δὴ
884 1412 1023 1486 πρὸς
1069 1412 1235 1484 Διός,
1286 1417 1344 1468 τί
1387 1414 1521 1470 ποτέ
1568 1416 1717 1471 ἐστιν
1757 1416 1934 1471 ἐκεῖνο

249 1501 312 1559 τὸ
363 1501 651 1574 πάγκαλον
706 1505 897 1574 ἔργον,
962 1498 991 1556 ὃ
1049 1503 1108 1556 οἰ
1156 1502 1284 1557 θεοὶ
1349 1500 1748 1575 ἀπεργάζονται
1801 1501 1935 1576 ἡμῖν

250 1590 546 1664 ὑπηρέταις
584 1590 884 1664 χρώμενοι;

398 1687 539 1731 ΕΤΘ.
596 1677 792 1735 Πολλὰ
830 1678 923 1733 καὶ
960 1677 1119 1743 καλά,
1161 1672 1204 1734 ὦ
1245 1679 1550 1751 Σώκρατες.

183 1775 236 1817 14
399 1776 494 1820 ΣΩ.
543 1767 658 1822 Καὶ
687 1766 794 1839 γὰρ
831 1768 837 1842 1
873 1769 931 1823 οἱ
967 1772 1287 1839 στρατηγοί,
1330 1760 1373 1823 ὦ
1415 1771 1566 1843 φίλε·
1615 1764 1737 1824 ἀλλ’
1788 1765 1936 1839 ὅμως

249 1855 313 1914 τὸ
353 1855 660 1928 κεφάλαιον
701 1852 887 1912 αὐτῶν
927 1856 1133 1930 ῥᾳδίως
1178 1852 1251 1910 ἄν
1303 1861 1501 1925 εἴποις,
1542 1853 1627 1911 ὅτι
1672 1860 1835 1928 νίκην
1875 1859 1935 1913 ἐν

249 1948 325 2021 τῷ
365 1945 583 2020 πολέμῳ
624 1943 1042 2017 ἀπεργάζονται·
1083 1940 1118 2014 ἢ
1161 1942 1254 2010 οὔ;

398 2040 540 2085 Em).
596 2035 730 2098 Πῶς
769 2030 820 2088 δ’
866 2030 962 2098 οὕς

398 2129 495 2171 ΣΩ.
579 2118 775 2176 Πολλὰ
846 2119 911 2175 δέ
967 2126 1051 2189 γ’.
1115 2117 1292 2191 οἶμαι,
1354 2120 1447 2176 καὶ
1515 2120 1655 2176 καλὰ
1715 2120 1809 2176 καὶ
1881 2123 1936 2178 οἱ

251 2213 509 2281 γεωργοί·
566 2205 687 2263 ἀλλ’
739 2205 887 2278 ὅμως
931 2205 993 2263 τὸ
1051 2207 1357 2278 κεφάλαιον
1413 2207 1599 2264 αὐτῶν
1645 2211 1794 2265 ἐστιν
1839 2212 1936 2281 τῆς

252 2297 588 2370 ἀπεργασίας
625 2293 660 2366 ἡ
702 2297 759 2351 ἐκ
798 2298 894 2366 τῆς
932 2298 1032 2366 γῆς
1070 2295 1266 2366 τροφή.

399 2392 539 2436 ΕΤΘ.
597 2383 765 2439 Πάνυ
803 2405 879 2453 γε.

401 2481 497 2523 ΣΩ.
567 2476 636 2527 Τι’
686 2471 748 2527 δὲ
795 2471 890 2541 δή;
952 2473 1065 2526 τῶν
1119 2474 1341 2527 πολλῶν
1395 2472 1485 2527 καὶ
1532 2476 1743 2543 καλῶν,
1790 2470 1826 2528 ἃ
1881 2475 1935 2530 οἱ

253 2561 380 2618 θεοὶ
413 2557 834 2632 ἀπεργάζονται,
866 2563 924 2614 τί
948 2557 1010 2614 τὸ
1042 2557 1347 2630 κεφάλαιόν
1379 2561 1489 2615 ἐστι
1521 2564 1616 2632 τῆς
1655 2563 1933 2633 ἐργασίας;

402 2656 542 2701 ΕΤΘ.
607 2648 721 2703 Καὶ
755 2645 948 2718 ὀλίγον
982 2663 1071 2703 σοι
1103 2646 1375 2719 πρότερον
1409 2645 1586 2719 εἷπον,
1619 2641 1662 2704 ὦ
1704 2648 1936 2721 Σώκρα-

203 2747 369 2808 Βτες,
410 2735 493 2792 ὅτι
532 2740 787 2801 πλείονος
827 2738 993 2807 ἔργου
1041 2734 1190 2790 ἐστὶν
1237 2732 1478 2806 ἀκριβῶς
1505 2734 1511 2809 1
1539 2734 1719 2792 πάντα
1764 2739 1936 2792 ταῦτα

258 2825 332 2894 ὡς
372 2829 479 2895 ἔχει
518 2832 744 2894 μαθεῖν·
783 2823 912 2879 τόδε
951 2823 1138 2890 μέντοι
1171 2838 1259 2877 σοι
1290 2819 1476 2888 ἁπλῶς
1514 2823 1673 2894 λέγω,
1714 2821 1798 2879 ὅτι
1838 2821 1936 2880 ἐὰν
