2020 3198
817 161 1062 204 ΦΑΙΔΩΝ.
1679 155 1786 210 163

101 279 192 335 καὶ
231 278 490 345 ἰάσπιδας
526 279 620 334 καὶ
659 276 1016 351 σμαράγδους
1045 277 1137 332 καὶ
1172 282 1179 344 Ι
1213 275 1392 332 πάντα
1430 273 1497 332 τὰ
1533 278 1836 332 τοιαῦτα·Ε

27 403 37 407 ·
103 369 215 423 ἐκεῖ
251 367 312 423 δὲ
352 364 520 423 οὐδὲν
569 365 653 422 ὅτι
703 364 770 421 ού
814 368 1074 421 τοιοῦτον
1122 362 1265 421 εἶναι
1310 365 1403 420 καὶ
1450 368 1527 420 ε”τι
1571 363 1788 420 τούτων

102 459 322 511 καλλίω.
397 453 461 511 τὸ
517 452 568 510 δ’
627 459 810 509 αἴτιον
860 452 1066 509 τούτου
1121 450 1289 522 εἶναι,
1344 450 1430 508 ὅτι
1485 454 1687 508 ε’κεΐνοι
1735 454 1792 508 οἰ

102 548 260 600 λίθοι
298 543 406 599 εἰσὶ
449 542 693 615 καθαροὶ
736 541 831 597 καὶ
878 539 946 597 οὐ
991 542 1454 612 κατεδηδεσμένοι
1499 538 1635 596 οὐδὲ
1681 543 1789 597 διε-

104 632 422 704 φθαρμένοι
461 629 643 703 ὥσπερ
684 631 742 686 οἰ
771 627 979 685 ἐνθάδε
1008 627 1118 685 ὑπὸ
1152 627 1461 701 σηπεδόνος
1490 628 1583 683 καὶ
1614 626 1790 700 ἅλμης

104 718 211 776 ὑπὸ
250 722 363 776 τῶν
402 722 569 791 δεῦρο
617 716 1100 791 ξυνερρυηκότων,
1139 716 1174 773 ὁὶ
1220 718 1313 773 καὶ
1359 723 1544 783 λίθοις
1587 718 1681 772 καὶ
1717 719 1788 790 γῇ

103 809 196 864 καὶ
247 818 363 872 τοῖς
416 805 604 872 ἄλλοις
662 806 819 882 ζῴοις
870 827 930 862 τε
974 805 1069 861 καὶ
1121 815 1318 877 φυτοῖς
1371 813 1532 878 αἴσχη
1586 826 1645 862 τε
1696 805 1790 860 καὶ

103 896 309 962 νόσους
345 895 581 967 παρέχει.
657 894 760 966 τὴν
801 894 863 950 δὲ
902 897 1008 966 γῆν
1042 892 1216 965 αὐτὴν
1246 898 1627 966 κεκοσμῆσθαι
1663 892 1790 950 τού-

102 1006 218 1050 τοις
268 1005 327 1040 τε
372 986 543 1040 ἅπασι
588 983 681 1039 καὶΙ
728 987 808 1039 ἔτι
862 985 1047 1055 χρυσῷ
1101 983 1195 1037 καὶ
1249 980 1476 1058 ἀργύρῳ
1530 982 1623 1038 καὶ
1674 993 1791 1047 τοῖς

104 1071 292 1138 ἄλλοις
316 1065 388 1127 αὖ
411 1083 527 1138 τοῖς
561 1075 568 1142 Ι
602 1069 889 1137 τοιούτοις.
931 1072 1143 1141 ἐκφανῆ
1167 1068 1275 1144 γὰρ
1301 1070 1442 1126 αὐτὰ
1466 1071 1872 1142 πεφυκέναι,111

106 1160 240 1217 ὄντα
278 1159 453 1216 πολλὰ
494 1161 697 1231 πλήθει
726 1159 819 1215 καὶ
850 1157 1059 1230 μεγάλα
1096 1158 1189 1213 καὶ
1227 1162 1509 1231 πολλαχοῦ
1545 1162 1642 1230 τῆς
1671 1161 1789 1230 γῆς,

106 1247 245 1304 ὥστε
298 1246 474 1319 αὐτὴν
530 1251 674 1303 ἰδεῖν
728 1246 871 1304 εἶναι
923 1247 1108 1318 θέαμα
1154 1245 1508 1319 εὐδαιμόνων
1554 1249 1789 1303 θεατῶν.

108 1340 215 1412 ζῷα
255 1333 307 1392 δ’
353 1334 434 1392 ἐπ’
480 1335 618 1409 αὐτῇ
652 1334 796 1392 εἶναι
828 1335 969 1391 ἄλλα
1007 1357 1066 1391 τε
1095 1334 1273 1391 πολλὰ
1303 1335 1396 1391 καὶ
1435 1334 1790 1408 ἀνθρώπους,

104 1425 236 1491 τοὺς
289 1425 389 1497 μὲν
437 1426 497 1481 ἐν
543 1429 811 1499 μεσογαίᾳ
859 1427 1175 1494 οἰκοῦντας,
1231 1422 1361 1489 τοὺς
1415 1423 1478 1480 δὲ
1521 1425 1646 1497 περὶ
1690 1421 1790 1479 τὸν

105 1513 266 1586 ἀέρα,
322 1511 504 1585 ὥσπερ
558 1510 714 1584 ἡμεῖς
767 1512 892 1584 περὶ
944 1511 1048 1582 τὴν
1093 1511 1402 1582 θάλατταν,
1447 1511 1579 1578 τοὺς
1624 1510 1676 1568 δ’
1729 1514 1789 1567 έν

105 1601 298 1673 νήσοις
335 1598 402 1666 ἃς
438 1611 721 1673 περιρρεῖν
758 1598 858 1656 τὸν
900 1599 1038 1672 ἀέρα
1076 1597 1213 1671 πρὸς
1250 1602 1317 1672 τῇ
1349 1597 1556 1675 ἠπείρῳ
1597 1599 1789 1666 οὔσας·

103 1690 196 1746 καὶ
235 1689 319 1746 ἑνὶ
358 1688 533 1764 λόγῳ,
576 1687 710 1761 ’ὅπερ
749 1685 883 1760 ἡμῖν
928 1686 991 1744 τὸ
1031 1685 1185 1760 ὕδωρ
1232 1708 1290 1742 τε
1334 1688 1428 1743 καὶ
1465 1686 1500 1759 ἡ
1539 1687 1790 1743 θάλαττά

106 1782 219 1836 ἐστι
256 1775 393 1851 πρὸς
429 1776 531 1850 τὴν
569 1775 839 1850 ἡμετέραν
870 1779 1079 1849 χρείαν,
1109 1778 1274 1831 τοῦτο
1309 1777 1423 1831 ἐκεῖ
1455 1774 1556 1832 τὸν
1590 1778 1598 1847 Ι
1633 1773 1840 1848 ἀέρα,Β

106 1863 136 1922 ὃ
177 1867 240 1923 δὲ
277 1864 411 1937 ἡμῖν
453 1863 482 1921 ὁ
525 1864 651 1938 ἀήρ,
692 1866 925 1929 ἐκείνοις
968 1862 1069 1919 τὸν
1109 1865 1324 1936 αἰθέρα.
1399 1862 1497 1929 τὰς
1543 1863 1605 1919 δὲ
1644 1861 1792 1937 ὥρας

105 1952 275 2025 αὐτῆς
311 1956 510 2025 κρᾶσιν
550 1957 694 2024 ἔχειν
739 1950 1027 2023 τοιαύτην,
1075 1949 1213 2007 ὥστε
1260 1953 1504 2017 ἐκείνους
1550 1950 1792 2018 ἀνόσους

107 2042 250 2097 εἶναι
287 2041 380 2096 καὶ
418 2039 627 2113 χρόνον
664 2060 723 2095 τε
763 2042 860 2110 ζῆν
898 2037 1041 2094 πολὺ
1080 2043 1247 2094 πλείω
1279 2042 1392 2095 τῶν
1434 2037 1658 2110 ἐνθάδε,
1697 2041 1791 2095 καὶ

107 2129 234 2197 ὄψει
270 2130 362 2184 καὶ
402 2127 540 2201 ἀκοῇ
585 2127 679 2182 καὶ
726 2126 997 2199 φρονήσει
1042 2126 1135 2182 καὶ
1179 2129 1312 2182 πᾶσι
1357 2136 1474 2191 τοῖς
1517 2127 1791 2194 τοιούτοις

106 2216 263 2288 ἡμῶν
318 2215 626 2288 ἀφεστάναι
678 2217 744 2288 τῇ
802 2213 940 2287 αὐτῇ
999 2213 1323 2285 ἀποστάσει,
1377 2206 1516 2287 ᾗπερ
1570 2213 1680 2288 ἀήρ
1732 2238 1790 2273 τε

105 2303 310 2371 ὕδατος
347 2303 655 2375 ἀφέστηκεν
693 2302 787 2357 καὶ
819 2301 991 2373 αἰθὴρ
1033 2301 1194 2375 ἀέρος
1238 2300 1376 2374 πρὸς
1420 2302 1790 2375 καθαρότητα.

103 2393 196 2448 καὶ
236 2391 304 2463 δὴ
353 2393 446 2448 καὶ
491 2394 645 2447 θεῶν
693 2389 834 2462 ἄλση
880 2412 938 2446 τε
982 2390 1074 2446 καὶ
1122 2389 1242 2462 ἰερά
1290 2387 1480 2455 αὐτοῖς
1518 2388 1687 2462 εἶναι,
1729 2394 1789 2449 ἐν

108 2477 189 2546 οἷς
235 2483 311 2554 τῷ
362 2478 482 2535 ὄντι
529 2477 751 2550 οἰκητὰς
796 2477 966 2544 θεοὺς
1013 2476 1181 2549 εἶναι,
1226 2477 1320 2534 καὶ
1366 2477 1552 2549 φήμας
1595 2499 1655 2535 τε
1697 2481 1790 2535 καὶ

106 2572 364 2638 μαντείας
398 2567 491 2623 καὶ
531 2566 819 2637 αἰσθήσεις
848 2570 963 2623 τῶν
994 2569 1148 2623 θεῶν
1179 2567 1271 2621 καὶ
1301 2564 1558 2631 τοιαύτας
1589 2581 1787 2623 συνου-

107 2659 229 2721 σίας
253 2659 547 2726 γίγνεσθαι
568 2655 574 2728 Ι
596 2652 784 2720 αὐτοῖς
806 2655 945 2726 πρὸς
970 2652 1193 2720 αὐτούς·
1217 2655 1310 2710 καὶ
1326 2654 1425 2710 τόν
1442 2676 1504 2725 γε
1520 2651 1680 2724 ἥλιον
1696 2654 1788 2709 καὶ
1804 2662 1836 2706 C

107 2742 346 2814 σελήνην
364 2742 455 2797 καὶ
473 2740 645 2814 ἄστρα
665 2739 908 2814 ὁρᾶσθαι
924 2740 1017 2798 ὑπ’
1047 2744 1230 2798 αὐτῶν
1250 2738 1340 2798 οἷα
1356 2740 1614 2813 τυγχάνει
1633 2739 1786 2812 ὄντα,

103 2831 196 2886 καὶ
218 2828 322 2902 τὴν
347 2828 520 2901 ἄλλην
546 2828 907 2901 εὐδαιμονίαν
930 2830 1142 2886 τούτων
1168 2827 1487 2886 ἀκόλουθον
1512 2824 1668 2883 εἶναι.

1426 2917 1516 2961 ll*
