2020 3198
242 143 350 196 160
908 145 1249 190 ΠΛΑΤΩΝΟΣ

179 274 220 319 D
386 261 579 318 LVIII.
633 260 748 316 Καὶ
774 259 802 317 ὁ
828 267 1094 333 Σιμμίας·
1119 264 1253 329 “ποός
1287 265 1294 334 Ι
1327 265 1537 335 ταῦτα,’
1563 269 1687 336 ἔφη,
1713 265 1924 336 ελέγεις,
1984 303 1985 306 =

239 343 282 404 ὦ
322 348 643 422 Σώκρατες;
688 349 813 422 περὶ
849 349 958 423 γάρ
1004 371 1090 407 τοι
1135 354 1237 422 γῆς
1280 352 1372 407 καὶ
1419 350 1586 417 αὐτὸς
1629 352 1805 409 πολλὰ
1853 352 1923 425 δὴ
1996 419 1999 422 ,

240 433 476 507 ἀκήκοα,
518 434 586 492 ού
627 437 818 508 μέντοι
855 439 1028 493 ταῦτα
1075 436 1110 493 ἃ
1152 437 1214 494 σὲ
1252 443 1456 494 πείθει·
1494 437 1672 511 ἡδέως
1711 434 1814 496 οὖν
1852 436 1924 496 ἂν

239 521 575 596 ἀκούσαιμι.’
652 523 811 580 ξἀλλά
852 526 1056 596 μέντοι,
1098 519 1140 581 ὦ
1180 531 1412 598 Σιμμία,
1454 526 1556 600 οὐχ
1593 526 1629 599 ἡ
1667 527 1926 586 Γλαύκου
1987 526 1990 527 ’

240 613 403 684 τέχνη
442 613 510 684 γέ
544 634 640 684 μοι
679 616 836 669 δοκεῖ
870 611 1015 669 εἶναι
1054 614 1432 686 διηγήσασθαι
1471 613 1507 670 ἅ
1545 614 1598 687 γ’
1642 617 1813 672 ἐστίν·
1853 615 1927 683 ὡς
2000 614 2003 634 ³

239 702 431 771 μέντοι
470 699 678 773 ἀληθῆ,
716 700 1097 773 χαλεπώτερόν
1144 723 1240 774 μοι
1279 707 1535 774 φαίνεται
1572 699 1609 774 ἢ
1647 703 1784 760 κατὰ
1823 703 1926 776 τὴν
2002 756 2020 788 „c

237 789 498 845 Γλαύκου
535 791 754 862 τέχνην,
792 790 885 846 καὶ
925 788 1038 861 ἅμα
1077 790 1178 862 μὲν
1218 789 1324 861 ἐγὼ
1359 797 1492 857 ἴσως
1530 789 1654 848 οὐδ’
1697 788 1768 848 ἂν
1809 788 1927 860 οἷός
2004 790 2020 875 ³}

236 896 295 933 τε
332 883 480 949 εἴην,
521 876 633 949 ἅμα
673 879 759 949 δέ,
799 881 850 934 εἰ
885 878 978 933 καὶ
1015 876 1355 950 ἠπιστάμην,
1404 876 1434 935 ὁ
1473 883 1595 950 βίος
1639 902 1736 952 μοι
1775 883 1928 937 δοκεῖ
2004 924 2006 926 ψ

239 962 268 1020 ὁ
311 964 470 1036 ἐμός,
510 959 554 1021 ὦ
601 970 840 1037 Σιμμία,
886 969 961 1040 τῷ
1003 965 1162 1038 μήκει
1205 969 1306 1022 τοῦ
1345 965 1519 1037 λόγου
1558 965 1662 1024 οὐκ
1699 970 1925 1042 ἐξαρκεῖ.
1996 1002 2005 1015 -=

186 1052 345 1124 Ετὴν
384 1054 574 1125 μέντοι
615 1055 772 1110 ἰδέαν
809 1057 905 1127 τῆς
941 1058 1059 1126 γῆς,
1100 1057 1226 1110 οἵαν
1260 1061 1269 1123 Ι
1301 1055 1595 1127 πέπεισμαι
1632 1053 1795 1128 εἶναι,
1832 1058 1926 1113 καὶ

238 1139 369 1207 τοὺς
406 1141 611 1206 τόπους
657 1141 826 1214 αὐτῆς
874 1141 1042 1198 οὐδέν
1089 1165 1156 1214 με
1200 1142 1404 1199 κωλύει
1449 1144 1664 1215 λέγειν.’
1741 1143 1924 1217 εἀλλ’,’

240 1234 346 1301 ἔφη
388 1227 417 1285 ὁ
451 1234 713 1301 Σιμμίας,
746 1230 856 1286 εκαὶ
887 1234 1060 1286 ταῦτα
1092 1229 1281 1303 ἀρκεῖ.’
1344 1232 1654 1303 επέπεισμαι
1690 1234 1924 1304 τοίνυν,’

238 1311 273 1388 ἦ
315 1316 367 1373 δ’
412 1316 498 1389 ὅς,
539 1317 692 1390 “ε’γω’,
733 1316 808 1384 ὥς
845 1321 1066 1389 πρῶτον
1106 1319 1233 1390 μέν,
1284 1322 1336 1375 εἰ
1373 1323 1523 1375 ἔστιν
1561 1321 1624 1375 ἐν
1661 1321 1809 1396 μέσῳ
1848 1324 1924 1398 τῷ
2008 1354 2020 1393 ³

240 1404 462 1482 οὐρανῷ
501 1405 803 1480 περιφερὴς
842 1400 1007 1477 οὖσα,
1048 1406 1221 1478 μηδὲν
1254 1405 1392 1480 αὐτῇ
1433 1410 1552 1463 δεῖν
1591 1407 1726 1479 μήτε
1764 1407 1926 1482 ἀέρος
2009 1454 2020 1507 3

153 1493 375 1567 ιο9πρὸς
426 1493 488 1551 τὸ
546 1494 620 1566 μὴ
673 1505 863 1550 πεσεῖν
905 1497 912 1565 Ι
953 1494 1087 1565 μήτε
1139 1493 1309 1566 ἄλλης
1362 1493 1608 1568 ἀνάγκης
1657 1500 1926 1569 μηδεμιᾶς

236 1582 512 1654 τοιαύτης,
553 1581 692 1638 ἀλλὰ
734 1579 934 1653 ἱκανὴν
974 1579 1120 1638 εἶναι
1158 1580 1335 1654 αὐτὴν
1382 1589 1557 1655 ἴσχειν
1594 1582 1698 1655 τὴν
1738 1582 1923 1656 ὁμοιό·
2009 1580 2020 1603 ⁵

236 1692 371 1742 τητα
415 1673 517 1726 τοῦ
564 1668 814 1742 ούρανοῦ
863 1668 1038 1725 αὐτοῦ
1085 1669 1260 1746 ἑαυτῷ
1313 1669 1491 1744 πάντῃ
1537 1670 1631 1726 καὶ
1683 1675 1780 1743 τῆς
1823 1677 1924 1745 γῆς
1995 1587 2020 1778 i

238 1758 409 1831 αὐτῆς
445 1757 548 1831 τὴν
588 1762 942 1831 ἰσορροπίαν·
983 1757 1289 1831 ἰσόρροπον
1319 1756 1427 1831 γὰρ
1458 1762 1684 1831 πρᾶγμα
1724 1758 1924 1831 ὁμοίου
2005 1782 2020 1859 1

235 1846 390 1914 τινὸς
443 1850 504 1904 ἐν
559 1848 705 1922 μέσῳ
763 1846 929 1902 τεθὲν
986 1845 1088 1918 οὐχ
1142 1847 1248 1913 ἕξει
1302 1850 1516 1918 μᾶλλον
1571 1845 1697 1903 οὐδ’
1754 1841 1921 1919 ἦττον

239 1934 519 2007 οὐδαμόσε
571 1938 864 2006 κλιθῆναι,
928 1931 1134 2006 ὁμοίως
1187 1931 1241 1990 δ’
1300 1939 1427 2008 ἕχον
1481 1932 1702 2002 ἀκλινὲς
1755 1947 1921 2008 μενεῖ.
2014 1928 2020 1992 Ξ

235 2026 458 2097 πρῶτον
498 2024 638 2095 μέν,’
678 2016 713 2094 ἦ
754 2021 806 2079 δ’
850 2020 928 2093 ὅς,
968 2023 1150 2078 ’τοῦτο
1190 2023 1515 2094 πέπεισμαιῖ
1592 2022 1703 2079 ’καὶ
1735 2021 1922 2096 ὀρθῶς
2008 2035 2020 2053 ·’

234 2112 334 2181 γε,’
375 2115 480 2183 ἔφη
530 2108 559 2166 ὁ
609 2113 867 2181 Σιμμίας.
952 2111 1051 2166 ‘iffa
1095 2111 1329 2181 τοίνυν,’
1369 2115 1501 2183 ἔφη,
1549 2110 1823 2183 επάμμεγά
1868 2134 1922 2170 τι

236 2197 380 2255 εἶναι
434 2197 597 2269 αὐτό,
650 2197 742 2253 καὶ
789 2195 934 2269 ἡμᾶς
987 2200 1161 2254 οἰκεῖν
1206 2197 1338 2264 τοὺς
1381 2201 1539 2271 μέχρι
1581 2197 1920 2272 Ἡρακλείων

178 2285 484 2360 ΒΙστηλῷν
531 2283 639 2341 ἀπὸ
694 2283 941 2351 Φάσιδος
981 2287 1042 2341 έν
1081 2289 1291 2362 σμικρῷ
1330 2307 1440 2342 τινι
1486 2292 1688 2362 μορίῳ,
1736 2286 1919 2360 ὥσπερ

234 2373 358 2445 περὶ
400 2374 568 2444 τέλμα
605 2371 896 2445 μύρμηκας
933 2369 967 2444 ἢ
1007 2373 1317 2446 βατράχους
1346 2374 1471 2446 περὶ
1501 2374 1605 2445 τὴν
1635 2375 1918 2432 θάλατταν

236 2464 546 2530 οἰκοῦντας,
580 2460 672 2515 καὶ
704 2459 909 2526 ἄλλους
938 2459 1143 2516 ἄλλοθι
1181 2460 1423 2527 πολλοὺς
1454 2464 1514 2518 ἐν
1545 2469 1771 2529 πολλοῖς
1806 2485 1918 2520 τοι-

235 2548 424 2614 ούτοις
452 2547 645 2613 τόποις
677 2550 865 2603 οἰκεῖν.
927 2545 1073 2603 εἶναι
1103 2547 1209 2621 γὰρ
1242 2553 1490 2622 πανταχῇ
1523 2551 1648 2624 περὶ
1678 2549 1780 2622 τὴν
1810 2554 1918 2623 γῆν

232 2634 411 2692 πολλὰ
435 2641 596 2691 κοῖλα
612 2634 705 2690 καὶ
728 2634 1055 2690 παντοδαπὰ
1081 2636 1172 2690 καὶ
1195 2634 1292 2701 τὰς
1317 2637 1467 2702 ἰδέας
1490 2638 1582 2693 καὶ
1605 2637 1672 2693 τὰ
1689 2640 1916 2710 μεγέθη,

233 2728 310 2790 εἰς
348 2721 383 2779 ἃ
424 2723 853 2796 ξυνερρυηκέναι
890 2724 956 2779 τό
991 2744 1049 2779 τε
1087 2721 1241 2795 ὕδωρ
1280 2723 1373 2778 καὶ
1410 2723 1514 2795 τὴν
1554 2722 1787 2798 ὁμίχλην
1825 2725 1918 2781 καὶ

232 2809 330 2868 τὸν
378 2808 538 2882 ἀέρα·
593 2808 770 2882 αὐτὴν
819 2810 881 2866 δὲ
933 2810 1037 2883 τὴν
1091 2815 1199 2882 γῆν
1254 2813 1516 2880 καθαρὰν
1571 2815 1631 2869 ἐν
1684 2817 1915 2889 καθαρῷ
