2020 3198
831 167 1071 211 ΦΑΙΔΩΝ.
1686 170 1791 223 133

111 279 196 338 ὅτι
234 282 462 339 πάντων
500 287 615 340 τῶν
652 283 923 339 τοιούτων
968 282 1036 338 τὰ
1075 284 1176 355 μὲν
1216 283 1357 357 ἄκρα
1393 288 1507 342 τῶν
1547 286 1792 358 ἐσχάτων

41 392 51 396 ·
111 369 317 426 σπάνια
353 372 446 426 καὶ
486 369 669 442 ὀλίγα,
707 370 775 425 τὰ
817 371 879 427 δὲ
916 371 1116 442 μεταξὺ
1163 371 1395 445 ἄφθονα
1439 374 1532 428 καὶ
1569 376 1792 442 πολλά;’

111 456 280 512 επάνυ
316 460 416 528 γε,’
454 451 526 529 ἦν
560 457 610 512 δ’
647 457 769 528 ἐγώ.
827 456 1058 514 (οὐκοῦν
1091 462 1233 531 οἰέι,’
1267 465 1391 532 ἔφη,
1426 464 1495 517 εεί
1523 466 1795 534 πονηρίας

114 543 297 617 Ιάγῶν
335 550 650 616 προτεθείη,
689 545 839 601 πάνυ
870 542 943 601 ἀν
985 544 1209 617 ὀλίγους
1245 548 1339 602 καὶ
1378 551 1624 605 ἐνταῦθα
1661 551 1792 615 τοὺς
1815 561 1852 605 Β

110 632 362 704 πρώτους
394 635 689 704 φανῆναι;’
730 632 897 699 *εἰκός
925 636 1026 706 γε,’
1065 627 1138 704 ἦν
1171 632 1224 689 δ’
1268 635 1390 706 ε’γῶ.
1461 636 1626 703 εεἰκὸς
1647 638 1794 711 γάρ,’

111 724 232 790 ἔφη.
308 717 467 774 (ἀλλὰ
507 719 677 793 ταύτῃ
717 720 821 791 μὲν
861 719 964 793 οὐχ
1014 720 1198 792 ὅμοιοι
1245 725 1304 778 οἱ
1345 725 1502 794 λόγοι
1547 736 1664 790 τοῖς
1701 725 1795 781 ἀν-

108 808 377 879 θρώποις,
419 806 557 864 ἀλλὰ
599 811 704 864 σοῦ
749 811 858 864 νῦν
899 809 967 880 δὴ
1014 810 1360 882 προάγοντος
1406 811 1511 882 ἐγώ
1562 814 1796 885 ἐφεσπό-

110 917 238 967 μην,
278 894 400 951 ἀλλ’
445 898 653 970 ἐκείνῃ,
692 889 755 970 ᾗ,
796 898 1024 954 ἐπειδάν
1063 921 1145 963 τις
1182 898 1445 972 πιστεύσῃ
1496 901 1644 977 λόγῳ
1683 903 1796 958 τινὶ

109 981 316 1055 ἀληθεῖ
335 982 478 1040 εἶναι
502 983 640 1040 ἄνευ
662 989 759 1056 τῆς
782 985 908 1055 περὶ
938 984 1070 1051 τοὺς
1101 985 1304 1056 λόγους
1333 987 1542 1059 τέχνης,
1565 989 1793 1046 κᾶπειτα

110 1071 303 1143 ὀλίγον
341 1071 578 1144 ὕστερον
626 1071 773 1149 αὐτῷ
823 1072 956 1146 δόξῃ
1004 1073 1214 1144 ψευδὴς
1260 1071 1429 1146 εἶναι,
1471 1078 1646 1132 ε’νίοτε
1691 1077 1794 1148 μὲν

111 1159 210 1231 ῶν,
250 1163 427 1216 ἐνίοτε
465 1159 517 1215 δ’
571 1160 673 1216 οὐκ
712 1159 818 1232 ῶν,
865 1161 957 1215 καὶ
1003 1154 1172 1227 αὖθις
1221 1164 1405 1233 ἕτερος
1447 1164 1541 1219 καὶ
1588 1166 1792 1237 ἕτερος·

109 1249 201 1304 καὶ
257 1248 493 1319 μάλιστα
549 1247 618 1319 δὴ
678 1250 737 1304 οί
787 1249 912 1320 περὶ
973 1246 1102 1314 τοὺς
1154 1247 1540 1320 ἀντιλογικοὺς
1591 1252 1795 1324 λόγους

114 1338 119 1409 Ι
142 1341 526 1409 διατρίψαντες
559 1334 710 1391 οἷσθ’
741 1334 825 1391 ὅτι
848 1339 1204 1403 τελευτῶντες
1229 1345 1443 1394 οἰόνται
1475 1340 1790 1411 σοφώτατοι
1818 1352 1851 1397 C

110 1426 399 1496 γεγονέναι
436 1445 495 1480 τε
531 1424 624 1479 καὶ
661 1426 1127 1495 κατανενοηκέναι
1166 1425 1349 1497 μόνοι,
1391 1425 1476 1482 ὅτι
1517 1427 1643 1485 οὔτε
1680 1434 1793 1486 τῶν

110 1513 446 1584 πραγμάτων
494 1511 728 1578 οὐδενὸς
781 1510 951 1569 οὐδὲν
1007 1512 1160 1584 ὑγιὲς
1207 1511 1340 1570 οὐδὲ
1387 1517 1616 1587 βέβαιον
1665 1517 1793 1575 οὔτε

110 1605 222 1658 τῶν
262 1601 471 1672 λόγων,
518 1599 658 1656 ἀλλὰ
703 1600 883 1656 πάντα
927 1600 994 1656 τὰ
1045 1600 1181 1657 ὅντα
1226 1601 1467 1675 ἀτεχνῶς
1507 1603 1690 1678 ῶσπερ
1731 1609 1791 1662 ἐν

111 1687 340 1764 Εὐρίπῳ
381 1687 499 1743 ἀνω
537 1688 630 1743 καὶ
674 1688 822 1744 κάτω
871 1691 1161 1761 στρέφεται
1206 1690 1299 1745 καὶ
1336 1691 1546 1764 χρόνον
1587 1692 1792 1750 οὐδένα

111 1781 170 1834 ἐν
211 1778 402 1833 οὐδενὶ
441 1779 625 1848 μένει.’
703 1777 870 1833 τπάνυ
901 1778 1002 1848 μὲν
1036 1771 1179 1848 οὖν,’
1219 1782 1361 1850 ἔφην
1402 1780 1534 1851 ἐγώ,
1585 1779 1791 1854 ’ἀληθῆ

111 1867 317 1937 λέγεις’
395 1864 650 1936 εοὐκοῦν,
700 1858 743 1920 ῶ
796 1867 1064 1936 Φαίδων,’
1112 1870 1243 1937 ἔφη,
1292 1866 1537 1939 ξοἰκτρὸν
1585 1866 1656 1924 ἂν
1706 1879 1789 1942 εἴη

110 1953 171 2010 τὸ
219 1953 426 2024 πάθος,
481 1955 532 2008 εἰ
584 1952 744 2018 ὄντος
796 1953 865 2024 δή
921 1975 1072 2020 τινος
1118 1952 1369 2025 ἀληθοῦς
1421 1956 1514 2010 καὶ
1560 1961 1791 2027 βεβαίου

110 2041 284 2112 λόγου
319 2041 412 2096 καὶ
452 2043 696 2096 δυνατοῦ
734 2045 1091 2113 κατανοῆσαι,
1132 2045 1313 2098 ἔπειτα
1353 2041 1445 2098 διὰ
1482 2046 1489 2114 Ι
1523 2042 1585 2099 τὸ
1617 2056 1845 2118 παρα-1)

111 2135 405 2201 γίγνεσθαι
463 2129 765 2184 τοιουτοισὶ
827 2128 1014 2200 λόγοις
1082 2140 1198 2196 τοῖς
1259 2129 1447 2196 αὐτοῖς
1505 2132 1629 2188 τοτὲ
1690 2133 1791 2205 μὲν

112 2222 378 2274 δοκοῦσιν
417 2217 688 2289 ἀληθέσιν
727 2215 896 2288 εἶναι,
943 2217 1063 2273 τοτὲ
1104 2218 1166 2273 δὲ
1211 2218 1311 2289 μή,
1358 2217 1430 2290 μὴ
1474 2220 1673 2276 ἑαυτόν
1712 2242 1793 2287 τις

111 2293 332 2384 άίτιῷτο
386 2306 525 2377 μηδὲ
575 2305 678 2376 τὴν
736 2306 938 2361 ἑαυτοῦ
980 2303 1282 2378 ἀτεχνίαν,
1333 2303 1472 2362 ἀλλά
1523 2312 1791 2365 τελευτῶν

112 2393 204 2449 διὰ
256 2392 317 2450 τὸ
366 2392 556 2464 ἀλγεῖν
604 2392 842 2464 ἅσμενος
890 2393 975 2449 ἐπὶ
1021 2392 1152 2458 τοὺς
1199 2393 1401 2464 λόγους
1446 2393 1547 2466 ἀφ’
1592 2396 1792 2452 ἑαυτοῦ

110 2481 212 2552 τὴν
253 2485 436 2536 αἰτίαν
475 2478 754 2537 ἀπώσαιτο
794 2481 885 2535 καὶ
924 2479 1030 2552 ἤδη
1071 2479 1170 2535 τὸν
1208 2479 1406 2536 λοιπὸν
1445 2486 1572 2552 βίον
1612 2487 1791 2554 μισῶν

111 2590 166 2624 τε
197 2569 288 2624 καὶ
320 2571 596 2635 λοιδορῶν
631 2569 784 2637 [τοὺς
808 2567 1030 2638 λόγους]
1066 2572 1324 2638 διατελοῖ,
1363 2571 1475 2624 τῶν
1516 2570 1577 2625 δὲ
1610 2568 1791 2626 ὄντων

112 2660 204 2727 τῆς
251 2656 518 2726 ἀληθείας
562 2677 620 2711 τε
665 2660 758 2711 καὶ
808 2657 1101 2727 ἐπιστήμης
1147 2659 1475 2727 στερηθείη.’
1553 2658 1643 2729 ενὴ
1690 2658 1789 2714 τὸν

113 2746 262 2816 Δία,’
303 2739 374 2816 ἦν
414 2742 465 2799 δ’
512 2743 636 2814 ἐγώ,
677 2743 920 2815 ξοἰκτρὸν
961 2746 1133 2815 δῆτα.’

255 2835 365 2888 XL.
444 2834 700 2901 ‘HQcSvov
740 2831 840 2901 μὲν
880 2834 1112 2902 τοίνυν,’
1161 2836 1284 2903 ἔφη,
1334 2835 1515 2887 (τοῦτο
1557 2830 1788 2904 εὐλαβη-
