<?xml version="1.0" encoding="UTF-8"?>
<!DOCTYPE html PUBLIC "-//W3C//DTD XHTML 1.0 Transitional//EN"
    "http://www.w3.org/TR/xhtml1/DTD/xhtml1-transitional.dtd">
<html xmlns="http://www.w3.org/1999/xhtml" xml:lang="en" lang="en">
 <head>
  <title>
</title>
<meta http-equiv="Content-Type" content="text/html;charset=utf-8" />
  <meta name='ocr-system' content='tesseract 3.04.00' />
  <meta name='ocr-capabilities' content='ocr_page ocr_carea ocr_par ocr_line ocrx_word'/>
</head>
<body>
  <div class='ocr_page' id='page_1' title='image "./p1dialogisecumdu01platuoft_0159.png"; bbox 0 0 2020 3198; ppageno 0'>
   <div class='ocr_carea' id='block_1_1' title="bbox 826 139 1787 191">
    <p class='ocr_par' dir='ltr' id='par_1_1' title="bbox 826 139 1787 191">
     <span class='ocr_line' id='line_1_1' title="bbox 826 139 1787 191; baseline 0.01 -10"><span class='ocrx_word' id='word_1_1' title='bbox 826 139 1068 184; x_wconf 76' lang='grc' dir='ltr'><strong>ΦΑΙΔΩΝ.</strong></span> <span class='ocrx_word' id='word_1_2' title='bbox 1682 140 1787 191; x_wconf 86' lang='grc'><em>113</em></span> 
     </span>
    </p>
   </div>
   <div class='ocr_carea' id='block_1_2' title="bbox 107 248 1787 343">
    <p class='ocr_par' dir='ltr' id='par_1_2' title="bbox 107 248 1787 343">
     <span class='ocr_line' id='line_1_2' title="bbox 107 248 1787 343; baseline 0.002 -34"><span class='ocrx_word' id='word_1_3' title='bbox 107 250 446 326; x_wconf 67' lang='grc' dir='ltr'><em>“ὖπερφυοὸς,</em></span> <span class='ocrx_word' id='word_1_4' title='bbox 487 248 531 312; x_wconf 76' lang='grc' dir='ltr'><em>ὦ</em></span> <span class='ocrx_word' id='word_1_5' title='bbox 570 255 906 343; x_wconf 73' lang='grc' dir='ltr'><em>Σώκρατες,’</em></span> <span class='ocrx_word' id='word_1_6' title='bbox 953 260 1059 328; x_wconf 79' lang='grc' dir='ltr'><em>ἔφη</em></span> <span class='ocrx_word' id='word_1_7' title='bbox 1099 254 1128 312; x_wconf 97' lang='lat'><em>6</em></span> <span class='ocrx_word' id='word_1_8' title='bbox 1171 261 1439 328; x_wconf 80' lang='grc' dir='ltr'><strong><em>Σιμμίας,</em></strong></span> <span class='ocrx_word' id='word_1_9' title='bbox 1480 258 1657 313; x_wconf 64' lang='grc' dir='ltr'><em>εδοκεῖ</em></span> <span class='ocrx_word' id='word_1_10' title='bbox 1691 278 1787 328; x_wconf 89' lang='grc' dir='ltr'><em>μοι</em></span> 
     </span>
    </p>
   </div>
   <div class='ocr_carea' id='block_1_3' title="bbox 41 338 1887 416">
    <p class='ocr_par' dir='ltr' id='par_1_3' title="bbox 41 338 1998 416">
     <span class='ocr_line' id='line_1_3' title="bbox 41 338 1887 416; baseline 0.003 -21"><span class='ocrx_word' id='word_1_11' title='bbox 41 381 52 384; x_wconf 82' lang='lat'><em>-</em></span> <span class='ocrx_word' id='word_1_12' title='bbox 103 338 139 411; x_wconf 78' lang='grc' dir='ltr'><em>ἡ</em></span> <span class='ocrx_word' id='word_1_13' title='bbox 179 339 319 412; x_wconf 84' lang='grc' dir='ltr'><em>αὐτὴ</em></span> <span class='ocrx_word' id='word_1_14' title='bbox 359 341 575 414; x_wconf 96' lang='grc' dir='ltr'><em>ἀνάγκη</em></span> <span class='ocrx_word' id='word_1_15' title='bbox 615 341 783 414; x_wconf 82' lang='grc' dir='ltr'><em>εἶναι,</em></span> <span class='ocrx_word' id='word_1_16' title='bbox 821 343 914 398; x_wconf 84' lang='grc' dir='ltr'><em>καὶ</em></span> <span class='ocrx_word' id='word_1_17' title='bbox 953 343 1242 414; x_wconf 22' lang='grc' dir='ltr'><em>είςὲκαλόν</em></span> <span class='ocrx_word' id='word_1_18' title='bbox 1279 366 1342 414; x_wconf 91' lang='grc' dir='ltr'><em>γε</em></span> <span class='ocrx_word' id='word_1_19' title='bbox 1379 344 1714 416; x_wconf 80' lang='grc' dir='ltr'><em>καταφεύγει</em></span> <span class='ocrx_word' id='word_1_20' title='bbox 1753 341 1887 401; x_wconf 55' lang='lat'><em>6³⁴‘&#39;‘</em></span> 
     </span>
    </p>
   </div>
   <div class='ocr_carea' id='block_1_4' title="bbox 97 427 1856 2781">
    <p class='ocr_par' dir='ltr' id='par_1_4' title="bbox 97 427 1856 2781">
     <span class='ocr_line' id='line_1_4' title="bbox 104 427 1856 505; baseline 0.002 -20"><span class='ocrx_word' id='word_1_21' title='bbox 104 427 270 500; x_wconf 90' lang='grc' dir='ltr'><em>λόγος</em></span> <span class='ocrx_word' id='word_1_22' title='bbox 307 433 386 496; x_wconf 82' lang='grc' dir='ltr'><em>εἰς</em></span> <span class='ocrx_word' id='word_1_23' title='bbox 421 429 485 486; x_wconf 87' lang='grc' dir='ltr'><em>τὸ</em></span> <span class='ocrx_word' id='word_1_24' title='bbox 526 430 729 502; x_wconf 83' lang='grc' dir='ltr'><em>ὁμοίως</em></span> <span class='ocrx_word' id='word_1_25' title='bbox 775 429 918 487; x_wconf 81' lang='grc' dir='ltr'><em>εἶναι</em></span> <span class='ocrx_word' id='word_1_26' title='bbox 955 431 1060 502; x_wconf 86' lang='grc' dir='ltr'><em>τήν</em></span> <span class='ocrx_word' id='word_1_27' title='bbox 1097 453 1156 487; x_wconf 91' lang='grc' dir='ltr'><em>τε</em></span> <span class='ocrx_word' id='word_1_28' title='bbox 1187 431 1197 505; x_wconf 98' lang='grc' dir='ltr'>Ι</span> <span class='ocrx_word' id='word_1_29' title='bbox 1231 431 1415 503; x_wconf 81' lang='grc' dir='ltr'><em>ψυχὴν</em></span> <span class='ocrx_word' id='word_1_30' title='bbox 1454 430 1614 503; x_wconf 62' lang='grc' dir='ltr'><em>’ἡμῶν</em></span> <span class='ocrx_word' id='word_1_31' title='bbox 1652 433 1785 505; x_wconf 78' lang='grc' dir='ltr'><em>πρὶν</em></span> <span class='ocrx_word' id='word_1_32' title='bbox 1801 445 1856 491; x_wconf 78' lang='grc'><em>77</em></span> 
     </span>
     <span class='ocr_line' id='line_1_5' title="bbox 103 516 1787 591; baseline 0.001 -17"><span class='ocrx_word' id='word_1_33' title='bbox 103 519 368 588; x_wconf 85' lang='grc' dir='ltr'><em>γενέσθαι</em></span> <span class='ocrx_word' id='word_1_34' title='bbox 405 516 549 590; x_wconf 78' lang='grc' dir='ltr'><em>ἡμᾶς</em></span> <span class='ocrx_word' id='word_1_35' title='bbox 585 520 679 575; x_wconf 86' lang='grc' dir='ltr'><em>καὶ</em></span> <span class='ocrx_word' id='word_1_36' title='bbox 715 519 816 591; x_wconf 85' lang='grc' dir='ltr'><em>τὴν</em></span> <span class='ocrx_word' id='word_1_37' title='bbox 857 518 1074 591; x_wconf 82' lang='grc' dir='ltr'><em>οὐσίαν,</em></span> <span class='ocrx_word' id='word_1_38' title='bbox 1113 517 1186 591; x_wconf 81' lang='grc' dir='ltr'><em>ἣν</em></span> <span class='ocrx_word' id='word_1_39' title='bbox 1226 518 1297 575; x_wconf 81' lang='grc' dir='ltr'><em>σὺ</em></span> <span class='ocrx_word' id='word_1_40' title='bbox 1327 523 1436 575; x_wconf 83' lang='grc' dir='ltr'><em>νῦν</em></span> <span class='ocrx_word' id='word_1_41' title='bbox 1467 521 1656 591; x_wconf 86' lang='grc' dir='ltr'><em>λέγεις.</em></span> <span class='ocrx_word' id='word_1_42' title='bbox 1717 518 1787 576; x_wconf 84' lang='grc' dir='ltr'><em>οὐ</em></span> 
     </span>
     <span class='ocr_line' id='line_1_6' title="bbox 103 604 1786 679; baseline 0.001 -18"><span class='ocrx_word' id='word_1_43' title='bbox 103 604 210 678; x_wconf 79' lang='grc' dir='ltr'><em>γὰρ</em></span> <span class='ocrx_word' id='word_1_44' title='bbox 250 610 356 678; x_wconf 83' lang='grc' dir='ltr'><em>ἔχω</em></span> <span class='ocrx_word' id='word_1_45' title='bbox 395 610 566 678; x_wconf 85' lang='grc' dir='ltr'><em>ἔγωγε</em></span> <span class='ocrx_word' id='word_1_46' title='bbox 605 606 772 663; x_wconf 77' lang='grc' dir='ltr'><em>οὐδὲν</em></span> <span class='ocrx_word' id='word_1_47' title='bbox 812 606 957 664; x_wconf 81' lang='grc' dir='ltr'><em>οὕτω</em></span> <span class='ocrx_word' id='word_1_48' title='bbox 996 630 1090 679; x_wconf 92' lang='grc' dir='ltr'><em>μοι</em></span> <span class='ocrx_word' id='word_1_49' title='bbox 1131 608 1359 679; x_wconf 75' lang='grc' dir='ltr'><em>ἐναργὲς</em></span> <span class='ocrx_word' id='word_1_50' title='bbox 1397 605 1464 664; x_wconf 88' lang='grc' dir='ltr'><em>ὂν</em></span> <span class='ocrx_word' id='word_1_51' title='bbox 1498 606 1572 674; x_wconf 78' lang='grc' dir='ltr'><em>ὡς</em></span> <span class='ocrx_word' id='word_1_52' title='bbox 1601 611 1786 679; x_wconf 56' lang='grc' dir='ltr'><em>τοῦτο,</em></span> 
     </span>
     <span class='ocr_line' id='line_1_7' title="bbox 102 691 1787 767; baseline 0.002 -19"><span class='ocrx_word' id='word_1_53' title='bbox 102 691 164 749; x_wconf 89' lang='grc' dir='ltr'><em>τὸ</em></span> <span class='ocrx_word' id='word_1_54' title='bbox 203 692 383 749; x_wconf 85' lang='grc' dir='ltr'><em>πάντα</em></span> <span class='ocrx_word' id='word_1_55' title='bbox 420 693 487 750; x_wconf 81' lang='grc' dir='ltr'><em>τὰ</em></span> <span class='ocrx_word' id='word_1_56' title='bbox 525 694 734 751; x_wconf 86' lang='grc' dir='ltr'><em>τοιαῦτ’</em></span> <span class='ocrx_word' id='word_1_57' title='bbox 778 693 922 750; x_wconf 79' lang='grc' dir='ltr'><em>εἶναι</em></span> <span class='ocrx_word' id='word_1_58' title='bbox 962 693 1035 761; x_wconf 78' lang='grc' dir='ltr'><em>ὥς</em></span> <span class='ocrx_word' id='word_1_59' title='bbox 1075 691 1198 751; x_wconf 83' lang='grc' dir='ltr'><em>οἷόν</em></span> <span class='ocrx_word' id='word_1_60' title='bbox 1229 717 1288 751; x_wconf 93' lang='grc' dir='ltr'><em>τε</em></span> <span class='ocrx_word' id='word_1_61' title='bbox 1317 695 1572 767; x_wconf 86' lang='grc' dir='ltr'><em>μάλιστα,</em></span> <span class='ocrx_word' id='word_1_62' title='bbox 1611 694 1787 751; x_wconf 89' lang='grc' dir='ltr'><em>καλόν</em></span> 
     </span>
     <span class='ocr_line' id='line_1_8' title="bbox 101 776 1790 855; baseline 0.002 -20"><span class='ocrx_word' id='word_1_63' title='bbox 101 801 161 836; x_wconf 85' lang='grc' dir='ltr'><em>τε</em></span> <span class='ocrx_word' id='word_1_64' title='bbox 197 781 291 836; x_wconf 84' lang='grc' dir='ltr'><em>καὶ</em></span> <span class='ocrx_word' id='word_1_65' title='bbox 330 779 552 852; x_wconf 89' lang='grc' dir='ltr'><em>ἀγαθὸν</em></span> <span class='ocrx_word' id='word_1_66' title='bbox 590 783 682 837; x_wconf 89' lang='grc' dir='ltr'><em>καὶ</em></span> <span class='ocrx_word' id='word_1_67' title='bbox 720 776 892 838; x_wconf 76' lang='grc' dir='ltr'><em>τᾶλλα</em></span> <span class='ocrx_word' id='word_1_68' title='bbox 930 782 1128 853; x_wconf 88' lang='grc' dir='ltr'><em>πάντα,</em></span> <span class='ocrx_word' id='word_1_69' title='bbox 1167 780 1203 838; x_wconf 76' lang='grc' dir='ltr'><em>ἃ</em></span> <span class='ocrx_word' id='word_1_70' title='bbox 1238 781 1308 839; x_wconf 79' lang='grc' dir='ltr'><em>σὺ</em></span> <span class='ocrx_word' id='word_1_71' title='bbox 1340 787 1448 839; x_wconf 82' lang='grc' dir='ltr'><em>νῦν</em></span> <span class='ocrx_word' id='word_1_72' title='bbox 1481 783 1550 855; x_wconf 85' lang='grc' dir='ltr'><em>δὴ</em></span> <span class='ocrx_word' id='word_1_73' title='bbox 1586 787 1790 854; x_wconf 78' lang='grc' dir='ltr'><em>ἔλεγες·</em></span> 
     </span>
     <span class='ocr_line' id='line_1_9' title="bbox 101 867 1787 943; baseline 0.002 -20"><span class='ocrx_word' id='word_1_74' title='bbox 101 867 195 923; x_wconf 84' lang='grc' dir='ltr'><em>καὶ</em></span> <span class='ocrx_word' id='word_1_75' title='bbox 234 869 356 939; x_wconf 82' lang='grc' dir='ltr'><em>ἐμοὶ</em></span> <span class='ocrx_word' id='word_1_76' title='bbox 402 873 558 925; x_wconf 85' lang='grc' dir='ltr'><em>δοκεῖ</em></span> <span class='ocrx_word' id='word_1_77' title='bbox 599 872 804 935; x_wconf 74' lang='grc' dir='ltr'><em>ἱκανῶς</em></span> <span class='ocrx_word' id='word_1_78' title='bbox 850 869 1268 927; x_wconf 87' lang='grc' dir='ltr'><em>ἀποδέδεικται.’</em></span> <span class='ocrx_word' id='word_1_79' title='bbox 1346 872 1423 927; x_wconf 58' lang='grc' dir='ltr'><em>*τί</em></span> <span class='ocrx_word' id='word_1_80' title='bbox 1467 872 1529 928; x_wconf 78' lang='grc' dir='ltr'><em>δὲ</em></span> <span class='ocrx_word' id='word_1_81' title='bbox 1569 870 1638 943; x_wconf 85' lang='grc' dir='ltr'><em>δὴ</em></span> <span class='ocrx_word' id='word_1_82' title='bbox 1680 871 1787 927; x_wconf 89' lang='grc' dir='ltr'><em>Κέ-</em></span> 
     </span>
     <span class='ocr_line' id='line_1_10' title="bbox 101 956 1787 1031; baseline 0.002 -19"><span class='ocrx_word' id='word_1_83' title='bbox 101 958 273 1027; x_wconf 85' lang='grc' dir='ltr'><em>βητι;’</em></span> <span class='ocrx_word' id='word_1_84' title='bbox 328 961 433 1028; x_wconf 81' lang='grc' dir='ltr'><em>ἔφη</em></span> <span class='ocrx_word' id='word_1_85' title='bbox 489 956 519 1013; x_wconf 88' lang='lat'><em>6</em></span> <span class='ocrx_word' id='word_1_86' title='bbox 566 958 893 1031; x_wconf 75' lang='grc' dir='ltr'><em>Σωκράτης·</em></span> <span class='ocrx_word' id='word_1_87' title='bbox 948 961 1057 1014; x_wconf 63' lang='grc' dir='ltr'><em>εδεῖ</em></span> <span class='ocrx_word' id='word_1_88' title='bbox 1104 959 1211 1031; x_wconf 77' lang='grc' dir='ltr'><em>γὰρ</em></span> <span class='ocrx_word' id='word_1_89' title='bbox 1266 959 1357 1014; x_wconf 84' lang='grc' dir='ltr'><em>καὶ</em></span> <span class='ocrx_word' id='word_1_90' title='bbox 1404 961 1628 1031; x_wconf 83' lang='grc' dir='ltr'><em>Κέβητα</em></span> <span class='ocrx_word' id='word_1_91' title='bbox 1673 963 1787 1015; x_wconf 92' lang='grc' dir='ltr'><em>πεί-</em></span> 
     </span>
     <span class='ocr_line' id='line_1_11' title="bbox 100 1045 1781 1119; baseline 0 -18"><span class='ocrx_word' id='word_1_92' title='bbox 100 1046 266 1102; x_wconf 88' lang='grc' dir='ltr'><em>θειν.’</em></span> <span class='ocrx_word' id='word_1_93' title='bbox 327 1047 586 1116; x_wconf 57' lang='grc' dir='ltr'><em>*ι’κανῶςξ</em></span> <span class='ocrx_word' id='word_1_94' title='bbox 625 1050 729 1118; x_wconf 84' lang='grc' dir='ltr'><em>ἔφη</em></span> <span class='ocrx_word' id='word_1_95' title='bbox 771 1045 800 1102; x_wconf 90' lang='lat'><em>6</em></span> <span class='ocrx_word' id='word_1_96' title='bbox 827 1051 1087 1117; x_wconf 82' lang='grc' dir='ltr'><em>Σιμμίας,</em></span> <span class='ocrx_word' id='word_1_97' title='bbox 1129 1045 1224 1112; x_wconf 48' lang='grc' dir='ltr'><em>(ὡς</em></span> <span class='ocrx_word' id='word_1_98' title='bbox 1254 1052 1424 1118; x_wconf 83' lang='grc' dir='ltr'><em>ἔγωγε</em></span> <span class='ocrx_word' id='word_1_99' title='bbox 1457 1046 1631 1119; x_wconf 84' lang='grc' dir='ltr'><em>οἶμαι·</em></span> <span class='ocrx_word' id='word_1_100' title='bbox 1669 1050 1781 1102; x_wconf 80' lang='grc' dir='ltr'><em>καί·</em></span> 
     </span>
     <span class='ocr_line' id='line_1_12' title="bbox 101 1132 1785 1208; baseline 0.001 -20"><span class='ocrx_word' id='word_1_101' title='bbox 101 1154 188 1188; x_wconf 90' lang='grc' dir='ltr'><em>τοι</em></span> <span class='ocrx_word' id='word_1_102' title='bbox 225 1132 632 1204; x_wconf 74' lang='grc' dir='ltr'><em>καρτερώτατος</em></span> <span class='ocrx_word' id='word_1_103' title='bbox 678 1133 999 1206; x_wconf 76' lang='grc' dir='ltr'><em>ἀνθρώπων</em></span> <span class='ocrx_word' id='word_1_104' title='bbox 1047 1134 1196 1190; x_wconf 82' lang='grc' dir='ltr'><em>ἐστὶν</em></span> <span class='ocrx_word' id='word_1_105' title='bbox 1243 1134 1382 1208; x_wconf 80' lang='grc' dir='ltr'><em>πρὸς</em></span> <span class='ocrx_word' id='word_1_106' title='bbox 1425 1133 1488 1191; x_wconf 85' lang='grc' dir='ltr'><em>τὸ</em></span> <span class='ocrx_word' id='word_1_107' title='bbox 1535 1133 1785 1190; x_wconf 84' lang='grc' dir='ltr'><em>ἀπιστεῖν</em></span> 
     </span>
     <span class='ocr_line' id='line_1_13' title="bbox 102 1219 1785 1292; baseline 0.001 -17"><span class='ocrx_word' id='word_1_108' title='bbox 102 1230 218 1285; x_wconf 87' lang='grc' dir='ltr'><em>τοῖς</em></span> <span class='ocrx_word' id='word_1_109' title='bbox 262 1219 471 1290; x_wconf 79' lang='grc' dir='ltr'><em>λόγοις·</em></span> <span class='ocrx_word' id='word_1_110' title='bbox 517 1219 638 1276; x_wconf 89' lang='grc' dir='ltr'><em>ἀλλ’</em></span> <span class='ocrx_word' id='word_1_111' title='bbox 684 1219 837 1292; x_wconf 82' lang='grc' dir='ltr'><em>οἶμαι</em></span> <span class='ocrx_word' id='word_1_112' title='bbox 883 1220 987 1277; x_wconf 82' lang='grc' dir='ltr'><em>οὐκ</em></span> <span class='ocrx_word' id='word_1_113' title='bbox 1034 1225 1235 1288; x_wconf 77' lang='grc' dir='ltr'><em>ἐνδεῶς</em></span> <span class='ocrx_word' id='word_1_114' title='bbox 1279 1226 1444 1278; x_wconf 84' lang='grc' dir='ltr'><em>τοῦτο</em></span> <span class='ocrx_word' id='word_1_115' title='bbox 1490 1229 1785 1278; x_wconf 80' lang='grc' dir='ltr'><em>πεπεῖσθαι</em></span> 
     </span>
     <span class='ocr_line' id='line_1_14' title="bbox 104 1304 1837 1385; baseline 0.001 -21"><span class='ocrx_word' id='word_1_116' title='bbox 104 1307 295 1385; x_wconf 82' lang='grc' dir='ltr'><em>αὐτόν,</em></span> <span class='ocrx_word' id='word_1_117' title='bbox 336 1307 420 1364; x_wconf 82' lang='grc' dir='ltr'><em>ὅτι</em></span> <span class='ocrx_word' id='word_1_118' title='bbox 458 1309 590 1379; x_wconf 82' lang='grc' dir='ltr'><em>πρὶν</em></span> <span class='ocrx_word' id='word_1_119' title='bbox 623 1309 632 1382; x_wconf 91' lang='grc' dir='ltr'>Ι</span> <span class='ocrx_word' id='word_1_120' title='bbox 665 1310 929 1380; x_wconf 84' lang='grc' dir='ltr'><em>γενέσθαι</em></span> <span class='ocrx_word' id='word_1_121' title='bbox 968 1307 1110 1381; x_wconf 83' lang='grc' dir='ltr'><em>ἡμᾶς</em></span> <span class='ocrx_word' id='word_1_122' title='bbox 1146 1304 1219 1381; x_wconf 80' lang='grc' dir='ltr'><em>ἦν</em></span> <span class='ocrx_word' id='word_1_123' title='bbox 1255 1308 1416 1382; x_wconf 81' lang='grc' dir='ltr'><em>ἡμῶν</em></span> <span class='ocrx_word' id='word_1_124' title='bbox 1454 1308 1489 1382; x_wconf 78' lang='grc' dir='ltr'><em>ἡ</em></span> <span class='ocrx_word' id='word_1_125' title='bbox 1528 1309 1693 1382; x_wconf 84' lang='grc' dir='ltr'><strong><em>ψυχή.</em></strong></span> <span class='ocrx_word' id='word_1_126' title='bbox 1798 1321 1837 1366; x_wconf 95' lang='grc' dir='ltr'>Β</span> 
     </span>
     <span class='ocr_line' id='line_1_15' title="bbox 248 1396 1784 1469; baseline 0.001 -19"><span class='ocrx_word' id='word_1_127' title='bbox 248 1397 447 1451; x_wconf 90' lang='lat' dir='ltr'>XXIII.</span> <span class='ocrx_word' id='word_1_128' title='bbox 517 1400 591 1451; x_wconf 85' lang='grc' dir='ltr'><em>Εἰ</em></span> <span class='ocrx_word' id='word_1_129' title='bbox 627 1398 832 1467; x_wconf 88' lang='grc' dir='ltr'><em>μέντοι,</em></span> <span class='ocrx_word' id='word_1_130' title='bbox 870 1397 963 1451; x_wconf 88' lang='grc' dir='ltr'><em>καὶ</em></span> <span class='ocrx_word' id='word_1_131' title='bbox 1003 1397 1227 1453; x_wconf 82' lang='grc' dir='ltr'><em>ἐπειδὰν</em></span> <span class='ocrx_word' id='word_1_132' title='bbox 1267 1396 1661 1469; x_wconf 87' lang='grc' dir='ltr'><em>ἀποθάνωμεν,</em></span> <span class='ocrx_word' id='word_1_133' title='bbox 1704 1401 1784 1453; x_wconf 81' lang='grc' dir='ltr'><em>ἔτι</em></span> 
     </span>
     <span class='ocr_line' id='line_1_16' title="bbox 103 1479 1784 1559; baseline 0.001 -20"><span class='ocrx_word' id='word_1_134' title='bbox 103 1488 272 1555; x_wconf 83' lang='grc' dir='ltr'><em>ἔσται,</em></span> <span class='ocrx_word' id='word_1_135' title='bbox 313 1481 447 1540; x_wconf 76' lang='grc' dir='ltr'><em>οὐδὲ</em></span> <span class='ocrx_word' id='word_1_136' title='bbox 484 1481 633 1559; x_wconf 77' lang='grc' dir='ltr'><em>αὐτῷ</em></span> <span class='ocrx_word' id='word_1_137' title='bbox 673 1506 768 1554; x_wconf 91' lang='grc' dir='ltr'><em>μοι</em></span> <span class='ocrx_word' id='word_1_138' title='bbox 809 1486 998 1555; x_wconf 84' lang='grc' dir='ltr'><em>δοκεῖ,’</em></span> <span class='ocrx_word' id='word_1_139' title='bbox 1039 1489 1163 1556; x_wconf 83' lang='grc' dir='ltr'><em>ἔφη,</em></span> <span class='ocrx_word' id='word_1_140' title='bbox 1205 1479 1614 1557; x_wconf 62' lang='grc' dir='ltr'><em>ειὶ’ἰ”,Σω’κρατες,</em></span> <span class='ocrx_word' id='word_1_141' title='bbox 1653 1484 1784 1542; x_wconf 88' lang='grc' dir='ltr'><em>ἀπο-</em></span> 
     </span>
     <span class='ocr_line' id='line_1_17' title="bbox 103 1569 1783 1645; baseline 0.001 -18"><span class='ocrx_word' id='word_1_142' title='bbox 103 1575 404 1643; x_wconf 84' lang='grc' dir='ltr'><em>δεδεῖχθαι,</em></span> <span class='ocrx_word' id='word_1_143' title='bbox 443 1569 564 1627; x_wconf 86' lang='grc' dir='ltr'><em>ἀλλ’</em></span> <span class='ocrx_word' id='word_1_144' title='bbox 609 1575 688 1627; x_wconf 79' lang='grc' dir='ltr'><em>ἔτι</em></span> <span class='ocrx_word' id='word_1_145' title='bbox 727 1573 1034 1644; x_wconf 81' lang='grc' dir='ltr'><em>ἐνέστηκεν,</em></span> <span class='ocrx_word' id='word_1_146' title='bbox 1075 1570 1105 1628; x_wconf 83' lang='grc' dir='ltr'>ὃ</span> <span class='ocrx_word' id='word_1_147' title='bbox 1144 1576 1253 1629; x_wconf 85' lang='grc' dir='ltr'><em>νῦν</em></span> <span class='ocrx_word' id='word_1_148' title='bbox 1294 1572 1363 1644; x_wconf 83' lang='grc' dir='ltr'><em>δὴ</em></span> <span class='ocrx_word' id='word_1_149' title='bbox 1393 1574 1578 1644; x_wconf 82' lang='grc' dir='ltr'><em>Κέβης</em></span> <span class='ocrx_word' id='word_1_150' title='bbox 1616 1578 1783 1645; x_wconf 80' lang='grc' dir='ltr'><em>ἔλεγε,</em></span> 
     </span>
     <span class='ocr_line' id='line_1_18' title="bbox 101 1658 1784 1735; baseline 0.002 -19"><span class='ocrx_word' id='word_1_151' title='bbox 101 1659 163 1716; x_wconf 87' lang='grc' dir='ltr'><em>τὸ</em></span> <span class='ocrx_word' id='word_1_152' title='bbox 202 1663 315 1716; x_wconf 76' lang='grc' dir='ltr'><em>τῶν</em></span> <span class='ocrx_word' id='word_1_153' title='bbox 353 1663 594 1731; x_wconf 80' lang='grc' dir='ltr'><em>πολλῶν,</em></span> <span class='ocrx_word' id='word_1_154' title='bbox 634 1658 782 1726; x_wconf 78' lang='grc' dir='ltr'><em>ὅπως</em></span> <span class='ocrx_word' id='word_1_155' title='bbox 820 1660 892 1732; x_wconf 88' lang='grc' dir='ltr'><em>μὴ</em></span> <span class='ocrx_word' id='word_1_156' title='bbox 935 1658 1393 1734; x_wconf 82' lang='grc' dir='ltr'><em>ἀποθνῄσκοντος</em></span> <span class='ocrx_word' id='word_1_157' title='bbox 1429 1665 1531 1717; x_wconf 88' lang='grc' dir='ltr'><em>τοῦ</em></span> <span class='ocrx_word' id='word_1_158' title='bbox 1563 1659 1784 1735; x_wconf 77' lang='grc' dir='ltr'><em>ἀνθρώ-</em></span> 
     </span>
     <span class='ocr_line' id='line_1_19' title="bbox 100 1746 1781 1822; baseline 0.002 -19"><span class='ocrx_word' id='word_1_159' title='bbox 100 1766 210 1804; x_wconf 90' lang='grc' dir='ltr'><em>που</em></span> <span class='ocrx_word' id='word_1_160' title='bbox 248 1750 710 1805; x_wconf 85' lang='grc' dir='ltr'><em>διασκεδαννῦται</em></span> <span class='ocrx_word' id='word_1_161' title='bbox 748 1747 782 1819; x_wconf 81' lang='grc' dir='ltr'>ἡ</span> <span class='ocrx_word' id='word_1_162' title='bbox 823 1748 972 1821; x_wconf 80' lang='grc' dir='ltr'><strong><em>ψυχὴ</em></strong></span> <span class='ocrx_word' id='word_1_163' title='bbox 1011 1750 1103 1805; x_wconf 87' lang='grc' dir='ltr'><em>καὶ</em></span> <span class='ocrx_word' id='word_1_164' title='bbox 1140 1746 1277 1822; x_wconf 81' lang='grc' dir='ltr'><em>αὐτῇ</em></span> <span class='ocrx_word' id='word_1_165' title='bbox 1310 1752 1409 1805; x_wconf 83' lang='grc' dir='ltr'><em>τοῦ</em></span> <span class='ocrx_word' id='word_1_166' title='bbox 1441 1746 1587 1806; x_wconf 80' lang='grc' dir='ltr'><em>εἶναι</em></span> <span class='ocrx_word' id='word_1_167' title='bbox 1615 1754 1781 1807; x_wconf 82' lang='grc' dir='ltr'><em>τοῦτο</em></span> 
     </span>
     <span class='ocr_line' id='line_1_20' title="bbox 100 1829 1782 1909; baseline 0.002 -18"><span class='ocrx_word' id='word_1_168' title='bbox 100 1838 253 1902; x_wconf 84' lang='grc' dir='ltr'><em>τέλος</em></span> <span class='ocrx_word' id='word_1_169' title='bbox 303 1829 356 1909; x_wconf 80' lang='grc' dir='ltr'><em>ᾗ.</em></span> <span class='ocrx_word' id='word_1_170' title='bbox 437 1840 497 1890; x_wconf 90' lang='grc' dir='ltr'><em>τί</em></span> <span class='ocrx_word' id='word_1_171' title='bbox 543 1833 650 1908; x_wconf 80' lang='grc' dir='ltr'><em>γὰρ</em></span> <span class='ocrx_word' id='word_1_172' title='bbox 703 1836 903 1892; x_wconf 85' lang='grc' dir='ltr'><em>κωλύει</em></span> <span class='ocrx_word' id='word_1_173' title='bbox 955 1841 1250 1908; x_wconf 83' lang='grc' dir='ltr'><em>γίγνεσθαι</em></span> <span class='ocrx_word' id='word_1_174' title='bbox 1305 1837 1406 1908; x_wconf 73' lang='grc' dir='ltr'><em>μὲν</em></span> <span class='ocrx_word' id='word_1_175' title='bbox 1462 1836 1636 1909; x_wconf 84' lang='grc' dir='ltr'><em>αὐτὴν</em></span> <span class='ocrx_word' id='word_1_176' title='bbox 1688 1839 1782 1894; x_wconf 87' lang='grc' dir='ltr'><em>καὶ</em></span> 
     </span>
     <span class='ocr_line' id='line_1_21' title="bbox 102 1922 1782 1998; baseline 0.001 -17"><span class='ocrx_word' id='word_1_177' title='bbox 102 1926 466 1992; x_wconf 82' lang='grc' dir='ltr'><em>ξυνίστασθαι</em></span> <span class='ocrx_word' id='word_1_178' title='bbox 518 1922 761 1979; x_wconf 76' lang='grc' dir='ltr'><em>ἄλλοθέν</em></span> <span class='ocrx_word' id='word_1_179' title='bbox 814 1932 993 1980; x_wconf 88' lang='grc' dir='ltr'><em>ποθεν</em></span> <span class='ocrx_word' id='word_1_180' title='bbox 1046 1925 1138 1980; x_wconf 86' lang='grc' dir='ltr'><em>καὶ</em></span> <span class='ocrx_word' id='word_1_181' title='bbox 1193 1922 1337 1980; x_wconf 85' lang='grc' dir='ltr'><em>εἶναι</em></span> <span class='ocrx_word' id='word_1_182' title='bbox 1389 1926 1520 1998; x_wconf 77' lang='grc' dir='ltr'><em>πρὶν</em></span> <span class='ocrx_word' id='word_1_183' title='bbox 1565 1926 1659 1982; x_wconf 83' lang='grc' dir='ltr'><em>καὶ</em></span> <span class='ocrx_word' id='word_1_184' title='bbox 1704 1931 1782 1993; x_wconf 83' lang='grc' dir='ltr'><em>εἰς</em></span> 
     </span>
     <span class='ocr_line' id='line_1_22' title="bbox 101 2010 1781 2085; baseline 0.002 -19"><span class='ocrx_word' id='word_1_185' title='bbox 101 2010 457 2084; x_wconf 75' lang='grc' dir='ltr'><em>ἀνθρώπειον</em></span> <span class='ocrx_word' id='word_1_186' title='bbox 519 2014 676 2082; x_wconf 77' lang='grc' dir='ltr'><em>σῶμα</em></span> <span class='ocrx_word' id='word_1_187' title='bbox 729 2010 1057 2082; x_wconf 86' lang='grc' dir='ltr'><em>ἀφικέσθαι,</em></span> <span class='ocrx_word' id='word_1_188' title='bbox 1121 2011 1344 2068; x_wconf 78' lang='grc' dir='ltr'><em>ἐπειδὰν</em></span> <span class='ocrx_word' id='word_1_189' title='bbox 1403 2013 1465 2069; x_wconf 75' lang='grc' dir='ltr'><em>δὲ</em></span> <span class='ocrx_word' id='word_1_190' title='bbox 1518 2012 1781 2085; x_wconf 83' lang='grc' dir='ltr'><em>ἀφίκηται</em></span> 
     </span>
     <span class='ocr_line' id='line_1_23' title="bbox 100 2097 1779 2172; baseline 0.002 -18"><span class='ocrx_word' id='word_1_191' title='bbox 100 2100 191 2155; x_wconf 84' lang='grc' dir='ltr'><em>καὶ</em></span> <span class='ocrx_word' id='word_1_192' title='bbox 244 2097 650 2169; x_wconf 86' lang='grc' dir='ltr'><em>ἀπαλλάττηται</em></span> <span class='ocrx_word' id='word_1_193' title='bbox 700 2098 926 2169; x_wconf 85' lang='grc' dir='ltr'><em>τούτου,</em></span> <span class='ocrx_word' id='word_1_194' title='bbox 980 2099 1105 2155; x_wconf 88' lang='grc' dir='ltr'><em>τότε</em></span> <span class='ocrx_word' id='word_1_195' title='bbox 1157 2100 1247 2155; x_wconf 86' lang='grc' dir='ltr'><em>καὶ</em></span> <span class='ocrx_word' id='word_1_196' title='bbox 1296 2098 1471 2172; x_wconf 80' lang='grc' dir='ltr'><em>αὐτὴν</em></span> <span class='ocrx_word' id='word_1_197' title='bbox 1520 2106 1779 2158; x_wconf 79' lang='grc' dir='ltr'><em>τελευτάν</em></span> 
     </span>
     <span class='ocr_line' id='line_1_24' title="bbox 99 2179 1832 2261; baseline 0.001 -19"><span class='ocrx_word' id='word_1_198' title='bbox 99 2187 190 2242; x_wconf 85' lang='grc' dir='ltr'><em>καὶ</em></span> <span class='ocrx_word' id='word_1_199' title='bbox 231 2187 708 2259; x_wconf 78' lang='grc' dir='ltr'><em>διαφθείρεσθαι;’</em></span> <span class='ocrx_word' id='word_1_200' title='bbox 761 2179 842 2242; x_wconf 64' lang='grc' dir='ltr'><em>ἐὖ</em></span> <span class='ocrx_word' id='word_1_201' title='bbox 881 2188 1092 2257; x_wconf 84' lang='grc' dir='ltr'><em>λέγεις,’</em></span> <span class='ocrx_word' id='word_1_202' title='bbox 1126 2188 1135 2261; x_wconf 88' lang='grc' dir='ltr'>Ι</span> <span class='ocrx_word' id='word_1_203' title='bbox 1171 2192 1301 2259; x_wconf 84' lang='grc' dir='ltr'><em>ἔφη,</em></span> <span class='ocrx_word' id='word_1_204' title='bbox 1344 2182 1407 2245; x_wconf 71' lang='lat'><em>‘03</em></span> <span class='ocrx_word' id='word_1_205' title='bbox 1447 2191 1706 2261; x_wconf 87' lang='grc' dir='ltr'><em>Σιμμία,’</em></span> <span class='ocrx_word' id='word_1_206' title='bbox 1748 2188 1777 2247; x_wconf 90' lang='lat'><em>6</em></span> <span class='ocrx_word' id='word_1_207' title='bbox 1799 2199 1832 2243; x_wconf 83' lang='lat' dir='ltr'>G</span> 
     </span>
     <span class='ocr_line' id='line_1_25' title="bbox 99 2271 1781 2348; baseline 0.002 -19"><span class='ocrx_word' id='word_1_208' title='bbox 99 2275 296 2346; x_wconf 85' lang='grc' dir='ltr'><em>Κέβης.</em></span> <span class='ocrx_word' id='word_1_209' title='bbox 373 2275 650 2345; x_wconf 61' lang='grc' dir='ltr'><em>εφαίνεται</em></span> <span class='ocrx_word' id='word_1_210' title='bbox 687 2272 792 2346; x_wconf 77' lang='grc' dir='ltr'><em>γὰρ</em></span> <span class='ocrx_word' id='word_1_211' title='bbox 834 2272 1015 2347; x_wconf 76' lang='grc' dir='ltr'><em>ὥσπερ</em></span> <span class='ocrx_word' id='word_1_212' title='bbox 1053 2273 1227 2345; x_wconf 80' lang='grc' dir='ltr'><em>ἥμισυ</em></span> <span class='ocrx_word' id='word_1_213' title='bbox 1273 2274 1672 2348; x_wconf 87' lang='grc' dir='ltr'><em>ἀποδεδεῖχθαι</em></span> <span class='ocrx_word' id='word_1_214' title='bbox 1712 2271 1781 2334; x_wconf 84' lang='grc' dir='ltr'><em>οὖ</em></span> 
     </span>
     <span class='ocr_line' id='line_1_26' title="bbox 100 2356 1785 2436; baseline 0.004 -20"><span class='ocrx_word' id='word_1_215' title='bbox 100 2365 209 2432; x_wconf 91' lang='grc' dir='ltr'><em>δεῖ,</em></span> <span class='ocrx_word' id='word_1_216' title='bbox 264 2359 350 2417; x_wconf 77' lang='grc' dir='ltr'><em>ὅτι</em></span> <span class='ocrx_word' id='word_1_217' title='bbox 393 2361 526 2433; x_wconf 80' lang='grc' dir='ltr'><em>πρὶν</em></span> <span class='ocrx_word' id='word_1_218' title='bbox 571 2362 835 2432; x_wconf 86' lang='grc' dir='ltr'><em>γενέσθαι</em></span> <span class='ocrx_word' id='word_1_219' title='bbox 880 2360 1023 2433; x_wconf 81' lang='grc' dir='ltr'><em>ἡμᾶς</em></span> <span class='ocrx_word' id='word_1_220' title='bbox 1067 2356 1139 2433; x_wconf 83' lang='grc' dir='ltr'><em>ἦν</em></span> <span class='ocrx_word' id='word_1_221' title='bbox 1185 2361 1344 2433; x_wconf 80' lang='grc' dir='ltr'><em>ἡμῶν</em></span> <span class='ocrx_word' id='word_1_222' title='bbox 1390 2361 1423 2434; x_wconf 79' lang='grc' dir='ltr'>ἡ</span> <span class='ocrx_word' id='word_1_223' title='bbox 1472 2364 1641 2436; x_wconf 81' lang='grc' dir='ltr'><em>ψυχή·</em></span> <span class='ocrx_word' id='word_1_224' title='bbox 1697 2369 1785 2422; x_wconf 90' lang='grc' dir='ltr'><em>δεῖ</em></span> 
     </span>
     <span class='ocr_line' id='line_1_27' title="bbox 100 2447 1779 2523; baseline 0.003 -19"><span class='ocrx_word' id='word_1_225' title='bbox 100 2448 163 2505; x_wconf 77' lang='grc' dir='ltr'><em>δὲ</em></span> <span class='ocrx_word' id='word_1_226' title='bbox 191 2451 638 2520; x_wconf 84' lang='grc' dir='ltr'><em>προσαποδεῐξαι,</em></span> <span class='ocrx_word' id='word_1_227' title='bbox 672 2447 773 2519; x_wconf 81' lang='grc' dir='ltr'><em>ὅτι,</em></span> <span class='ocrx_word' id='word_1_228' title='bbox 803 2449 895 2504; x_wconf 84' lang='grc' dir='ltr'><em>καὶ</em></span> <span class='ocrx_word' id='word_1_229' title='bbox 929 2449 1151 2505; x_wconf 83' lang='grc' dir='ltr'><em>ἐπειδὰν</em></span> <span class='ocrx_word' id='word_1_230' title='bbox 1184 2447 1578 2523; x_wconf 83' lang='grc' dir='ltr'><em>ἀποθάνωμεν,</em></span> <span class='ocrx_word' id='word_1_231' title='bbox 1612 2451 1779 2509; x_wconf 74' lang='grc' dir='ltr'><em>οὐδὲν</em></span> 
     </span>
     <span class='ocr_line' id='line_1_28' title="bbox 98 2529 1779 2610; baseline 0.004 -20"><span class='ocrx_word' id='word_1_232' title='bbox 98 2529 265 2607; x_wconf 82' lang='grc' dir='ltr'><em>ἦττον</em></span> <span class='ocrx_word' id='word_1_233' title='bbox 305 2539 454 2591; x_wconf 80' lang='grc' dir='ltr'><em>ἔσται</em></span> <span class='ocrx_word' id='word_1_234' title='bbox 492 2533 526 2607; x_wconf 82' lang='grc' dir='ltr'><em>ἢ</em></span> <span class='ocrx_word' id='word_1_235' title='bbox 566 2537 697 2608; x_wconf 79' lang='grc' dir='ltr'><em>πρὶν</em></span> <span class='ocrx_word' id='word_1_236' title='bbox 735 2538 1024 2607; x_wconf 82' lang='grc' dir='ltr'><em>γενέσθαι,</em></span> <span class='ocrx_word' id='word_1_237' title='bbox 1064 2541 1124 2608; x_wconf 59' lang='grc' dir='ltr'><em>Δεἰ</em></span> <span class='ocrx_word' id='word_1_238' title='bbox 1161 2539 1344 2608; x_wconf 85' lang='grc' dir='ltr'><em>μέλλει</em></span> <span class='ocrx_word' id='word_1_239' title='bbox 1382 2541 1536 2604; x_wconf 88' lang='grc' dir='ltr'><em>τέλος</em></span> <span class='ocrx_word' id='word_1_240' title='bbox 1572 2538 1607 2610; x_wconf 78' lang='grc' dir='ltr'><em>ἡ</em></span> <span class='ocrx_word' id='word_1_241' title='bbox 1647 2538 1779 2596; x_wconf 88' lang='grc' dir='ltr'><em>ἀπό-</em></span> 
     </span>
     <span class='ocr_line' id='line_1_29' title="bbox 98 2618 1780 2698; baseline 0.004 -22"><span class='ocrx_word' id='word_1_242' title='bbox 98 2623 265 2688; x_wconf 83' lang='grc' dir='ltr'><em>δειξις</em></span> <span class='ocrx_word' id='word_1_243' title='bbox 303 2623 481 2693; x_wconf 83' lang='grc' dir='ltr'><em>ἔχειν.’</em></span> <span class='ocrx_word' id='word_1_244' title='bbox 559 2619 959 2679; x_wconf 62' lang='grc' dir='ltr'><em>εἀποδέδεικται</em></span> <span class='ocrx_word' id='word_1_245' title='bbox 1005 2625 1153 2694; x_wconf 82' lang='grc' dir='ltr'><em>μέν,’</em></span> <span class='ocrx_word' id='word_1_246' title='bbox 1192 2628 1324 2695; x_wconf 82' lang='grc' dir='ltr'><em>ἔφη,</em></span> <span class='ocrx_word' id='word_1_247' title='bbox 1366 2618 1430 2680; x_wconf 74' lang='lat'><em>‘06</em></span> <span class='ocrx_word' id='word_1_248' title='bbox 1470 2631 1684 2698; x_wconf 86' lang='grc' dir='ltr'><em>Σιμμία</em></span> <span class='ocrx_word' id='word_1_249' title='bbox 1721 2649 1780 2683; x_wconf 89' lang='grc' dir='ltr'><em>τε</em></span> 
     </span>
     <span class='ocr_line' id='line_1_30' title="bbox 97 2706 1778 2781; baseline 0.003 -18"><span class='ocrx_word' id='word_1_250' title='bbox 97 2709 190 2764; x_wconf 85' lang='grc' dir='ltr'><em>καὶ</em></span> <span class='ocrx_word' id='word_1_251' title='bbox 228 2708 450 2779; x_wconf 85' lang='grc' dir='ltr'><em>Κέβης,’</em></span> <span class='ocrx_word' id='word_1_252' title='bbox 490 2706 519 2763; x_wconf 90' lang='lat'><em>6</em></span> <span class='ocrx_word' id='word_1_253' title='bbox 559 2709 877 2781; x_wconf 82' lang='grc' dir='ltr'><em>Σωκράτης,</em></span> <span class='ocrx_word' id='word_1_254' title='bbox 918 2712 1029 2765; x_wconf 63' lang='grc' dir='ltr'><em>τκαὶ</em></span> <span class='ocrx_word' id='word_1_255' title='bbox 1067 2714 1193 2781; x_wconf 82' lang='grc' dir='ltr'><em>νῦν,</em></span> <span class='ocrx_word' id='word_1_256' title='bbox 1235 2715 1286 2766; x_wconf 82' lang='grc' dir='ltr'><em>εἰ</em></span> <span class='ocrx_word' id='word_1_257' title='bbox 1321 2718 1513 2769; x_wconf 85' lang='grc' dir='ltr'><em>θέλετε</em></span> <span class='ocrx_word' id='word_1_258' title='bbox 1553 2722 1778 2770; x_wconf 83' lang='grc' dir='ltr'><em>συνθεῖ-</em></span> 
     </span>
    </p>
   </div>
   <div class='ocr_carea' id='block_1_5' title="bbox 97 2794 1779 2930">
    <p class='ocr_par' dir='ltr' id='par_1_5' title="bbox 97 2794 1779 2930">
     <span class='ocr_line' id='line_1_31' title="bbox 97 2794 1779 2873; baseline 0.002 -21"><span class='ocrx_word' id='word_1_259' title='bbox 97 2819 192 2852; x_wconf 89' lang='grc' dir='ltr'><em>ναι</em></span> <span class='ocrx_word' id='word_1_260' title='bbox 229 2795 431 2852; x_wconf 84' lang='grc' dir='ltr'><em>τοῦτόν</em></span> <span class='ocrx_word' id='word_1_261' title='bbox 469 2816 527 2851; x_wconf 88' lang='grc' dir='ltr'><em>τε</em></span> <span class='ocrx_word' id='word_1_262' title='bbox 564 2794 663 2851; x_wconf 89' lang='grc' dir='ltr'><em>τὸν</em></span> <span class='ocrx_word' id='word_1_263' title='bbox 702 2796 872 2867; x_wconf 86' lang='grc' dir='ltr'><em>λόγον</em></span> <span class='ocrx_word' id='word_1_264' title='bbox 911 2802 990 2863; x_wconf 81' lang='grc' dir='ltr'><em>εἰς</em></span> <span class='ocrx_word' id='word_1_265' title='bbox 1026 2797 1231 2854; x_wconf 84' lang='grc' dir='ltr'><em>ταύτὸν</em></span> <span class='ocrx_word' id='word_1_266' title='bbox 1269 2800 1362 2854; x_wconf 86' lang='grc' dir='ltr'><em>καὶ</em></span> <span class='ocrx_word' id='word_1_267' title='bbox 1402 2798 1470 2855; x_wconf 81' lang='grc' dir='ltr'><em>ὃν</em></span> <span class='ocrx_word' id='word_1_268' title='bbox 1509 2799 1614 2873; x_wconf 79' lang='grc' dir='ltr'><em>πρὸ</em></span> <span class='ocrx_word' id='word_1_269' title='bbox 1652 2800 1779 2855; x_wconf 90' lang='grc' dir='ltr'><em>τού-</em></span> 
     </span>
     <span class='ocr_line' id='line_1_32' title="bbox 185 2891 1510 2930; baseline 0.004 -5"><span class='ocrx_word' id='word_1_270' title='bbox 185 2892 322 2926; x_wconf 68' lang='lat' dir='ltr'><em>ano</em></span> <span class='ocrx_word' id='word_1_271' title='bbox 345 2891 367 2924; x_wconf 94' lang='lat'>1</span> <span class='ocrx_word' id='word_1_272' title='bbox 1483 2892 1510 2930; x_wconf 89' lang='lat'>8</span> 
     </span>
    </p>
   </div>
  </div>
 </body>
</html>
