2020 3198
835 166 1069 211 ΚΡΙΤΩΝ.
1722 165 1792 218 69

115 279 314 349 νυκτὸς
358 282 538 339 πάντα
582 286 754 340 ταῦτα
808 287 897 340 δεῖ
937 286 1267 356 πεπρᾶχθαι.
1344 287 1395 339 εἰ
1441 283 1507 339 δέ
1546 304 1600 338 τι
1645 302 1794 356 περι-

116 372 418 442 μενοῦμεν,
464 369 746 428 ἆδύνατον
783 371 876 427 καὶ
917 369 1100 427 οὐκέτι
1139 366 1262 427 οἶόν
1300 391 1373 428 τε.
1450 370 1596 427 ἀλλὰ.
1629 371 1795 427 παντὶ

115 457 319 533 τρόπω,
337 453 380 513 ὦ
393 458 701 530 Σώκρατες,
717 464 922 516 πείθου
939 481 1032 531 μοι
1048 459 1140 514 καὶ
1157 461 1422 531 μηδαμῶς
1438 458 1617 526 ἄλλως
1633 463 1794 516 ποίει.

264 547 360 603 VI.
426 556 522 600 ΣΩ.
576 541 643 603 Ὠ
677 555 684 615 Ι
719 552 846 619 φίλε
869 552 1113 620 Κρίτων,
1144 546 1180 618 ἡ
1211 552 1499 619 προθυμία
1531 564 1635 604 σου
1665 554 1794 603 πολ-
1811 552 1849 596 Β

116 636 220 692 λοῦ
261 632 403 706 ἀξία,
443 638 494 691 εἰ
530 637 664 706 μετά
699 658 850 702 τινος
890 633 1197 708 ὀρθότητος
1229 643 1333 707 εἴη·
1374 640 1424 692 εἰ
1456 636 1517 693 δὲ
1548 635 1641 708 μή,
1682 634 1794 710 ὅσῳ

117 727 340 794 μείζων,
400 723 647 799 τοσούτῳ
702 725 1064 796 χαλεπωτέρα.
1147 732 1477 780 σκοπεῖσθαι
1534 727 1638 780 οὐν
1691 721 1795 796 χρὴ

116 809 276 883 ἡμᾶς,
314 817 422 867 εἴτε
457 815 630 867 ταῦτα
666 813 938 885 πρακτέον
978 819 1085 868 εἴτε
1123 811 1219 883 μή·
1260 810 1334 878 ὡς
1372 811 1477 883 ἐγὼ
1520 810 1588 868 οὐ
1618 811 1797 883 μόνον

116 903 224 955 νῦν
278 897 419 954 ἀλλὰ
471 899 565 955 καὶ
618 898 705 956 ἀεὶ
749 903 1026 971 τοιοῦτος,
1084 896 1200 965 οἷος
1244 903 1357 956 τῶν
1406 902 1552 972 ἐμῶν
1599 899 1799 972 μηδενὶ

118 987 265 1063 ἄλλῳ
312 991 613 1044 πείθεσθαι
657 985 694 1060 ἢ
739 991 814 1064 τῷ
854 988 1029 1063 λόγῳ,
1090 986 1151 1054 ὃς
1197 986 1269 1043 ἄν
1317 1010 1410 1059 μοι
1463 988 1796 1063 λογιζομένῳ

117 1077 395 1147 βέλτιστος
425 1081 703 1148 φαίνηται.
758 1076 889 1142 τοὺς
921 1077 984 1132 δὲ
1016 1077 1236 1148 λόγους,
1271 1075 1370 1142 οὓς
1401 1079 1460 1133 ἐν
1491 1081 1567 1153 τῷ
1601 1081 1800 1149 ἔμπρο-

119 1173 258 1222 σθεν
291 1170 499 1237 ἔλεγον,
532 1165 600 1222 οὐ
634 1165 878 1237 δύναμαι
907 1168 1016 1221 νῦν
1050 1168 1320 1237 ἐκβαλεῖν,
1355 1165 1541 1237 ἐπειδή
1575 1187 1669 1237 μοι
1699 1164 1800 1237 ἥδε

118 1252 152 1325 ἡ
184 1254 320 1325 τύχη
352 1255 608 1326 γέγονεν,
653 1252 792 1309 ἀλλὰ
826 1253 1027 1325 σχεδόν
1056 1275 1110 1309 τι
1142 1253 1326 1325 ὅμοιοι
1357 1257 1661 1324 φαίνονταί
1688 1275 1799 1325 μοι,

117 1342 210 1397 καὶ
269 1340 401 1407 τοὺς
461 1340 666 1407 αὐτοὺς
725 1341 1011 1414 πρεσβεύω
1053 1341 1061 1414 Ι
1100 1342 1194 1396 καὶ
1253 1344 1392 1412 τιμῶ
1449 1339 1654 1412 οὕσπερ
1707 1341 1851 1396 καὶΟ

119 1429 412 1503 πρότερον·
468 1422 548 1485 ὦν
605 1428 702 1484 ἐὰν
757 1429 830 1500 μὴ
886 1433 1080 1498 βελτίω
1134 1433 1342 1500 ἔχωμεν
1389 1429 1570 1500 λέγειν
1618 1430 1678 1484 ἐν
1723 1432 1799 1505 τῷ

119 1517 378 1591 παρόντι,
419 1511 481 1574 εὖ
514 1525 636 1573 ἴσθι
676 1514 761 1573 ὅτι
800 1515 868 1572 οὐ
908 1516 982 1588 μή
1022 1532 1112 1572 σοι
1152 1516 1512 1590 ξυγχωρήσω,
1559 1514 1685 1573 οὐδ’
1729 1513 1801 1572 ἂν

119 1610 286 1662 πλείω
347 1607 459 1662 τῶν
511 1608 620 1661 νῦν
674 1604 968 1675 παρόντων
1022 1602 1056 1675 ἡ
1117 1607 1230 1660 τῶν
1283 1607 1504 1660 πολλῶν
1568 1604 1802 1676 δύναμις

122 1693 302 1765 ὥσπερ
335 1697 535 1759 παῖδας
564 1691 708 1765 ἡμᾶς
739 1691 1195 1766 μορμολύττηται,
1236 1691 1473 1763 δεσμοὺς
1501 1694 1595 1748 καὶ
1624 1693 1800 1749 θανά-

119 1805 250 1848 τους
288 1786 665 1854 ἐπιπέμπουσα
701 1782 795 1837 καὶ
825 1780 1122 1853 χρημάτων
1155 1779 1488 1852 ἀφαιρέσεις.
1549 1785 1664 1846 πῶς
1696 1773 1802 1836 οὖν

16 1868 41 1943 ,J
120 1869 192 1928 ἂν
231 1870 568 1943 μετριώτατα
607 1874 949 1940 σκοποίμεθα
989 1867 1156 1936 αὐτοί,
1197 1871 1247 1924 εἰ
1283 1872 1504 1939 πρῶτον
1543 1868 1645 1940 μὲν
1675 1870 1802 1924 τοῦ-

12 1978 42 2005 τ
119 1982 218 2016 τον
264 1959 364 2016 τὸν
410 1959 580 2030 λόγον
626 1956 1026 2029 ἀναλάβοιμεν,
1074 1954 1142 2012 ὃν
1189 1955 1261 2012 σὺ
1306 1958 1480 2028 λέγεις
1525 1957 1650 2029 περὶ
1687 1960 1802 2012 τῶν

123 2051 327 2118 δοξῶν,
382 2046 618 2119 πότερον
670 2048 850 2110 καλῶς
904 2045 1117 2115 ἐλέγετο
1174 2044 1428 2101 ἑκάστοτε
1481 2041 1516 2116 ἢ
1566 2044 1660 2116 οὔ,
1716 2043 1802 2100 ὅτι

31 2135 37 2149 ”
121 2148 239 2202 ταῖς
286 2136 386 2207 μὲν
435 2139 523 2191 δεῖ
563 2137 676 2190 τῶν
723 2134 903 2199 δοξῶν
956 2132 1246 2204 προσέχειν
1291 2131 1392 2188 τὸν
1427 2133 1434 2205 Ι
1467 2137 1635 2203 νοῦν,
1682 2138 1858 2199 ταῖςΙ)

123 2225 185 2281 δὲ
225 2223 315 2281 οὔ·
361 2221 396 2295 ἢ
435 2222 567 2293 πρὶν
606 2222 707 2292 μὲν
749 2220 840 2291 ἐμὲ
880 2224 998 2276 δεῖν
1046 2217 1428 2293 ἀποθνῄσκειν
1472 2225 1653 2287 καλῶς
1693 2222 1800 2277 ἐλέ-

122 2335 265 2384 γετο,
303 2314 411 2368 νῦν
451 2312 512 2367 δὲ
549 2309 856 2381 κατάδηλος
893 2307 1002 2380 ἄρα
1042 2308 1274 2378 ἐγένετο,
1313 2306 1399 2363 ὅτι
1431 2307 1610 2375 ἄλλως,
1642 2310 1801 2365 ἕνεκα

123 2401 294 2472 λόγου
334 2401 563 2471 ἐλέγετο,
602 2392 673 2469 ἦν
714 2398 775 2453 δὲ
813 2395 1005 2452 παιδιὰ
1042 2395 1133 2450 καὶ
1167 2401 1411 2468 φλυαρία
1444 2395 1518 2463 ὥς
1548 2396 1799 2468 ἄληθῶς;

10 2491 30 2541 22?
124 2491 374 2560 ἐπιθυμῶ
431 2486 481 2543 δ’
541 2484 700 2557 ἔγωγ’
761 2485 1187 2554 ἐπισκέψασθαι,
1244 2477 1288 2540 ὦ
1334 2489 1585 2558 Κρίτων,
1640 2489 1799 2558 κοινῇ

124 2576 256 2648 μετὰ
296 2579 418 2646 σοῦ,
459 2583 513 2632 εἴ
543 2579 602 2630 τί
636 2596 729 2646 μοι
767 2572 1116 2645 ἀλλοιότερος
1156 2583 1429 2643 φανεῖται,
1472 2572 1657 2643 ἐπειδὴ
1693 2567 1802 2629 ωδε

8 2643 45 2701 s*
120 2668 253 2735 ἔχω,
308 2661 342 2734 ἢ
392 2661 420 2719 ὁ
470 2661 658 2733 αὐτός,
713 2662 805 2717 καὶ
859 2660 1096 2731 ἐάσομεν
1148 2663 1360 2731 χαίρειν
1413 2656 1447 2731 ἢ
1494 2659 1801 2731 πεισόμεθα

125 2751 288 2827 αὐτῷ.
366 2752 574 2821 ἐλέγετο
617 2752 682 2806 δέ
715 2770 847 2818 πως,
887 2771 961 2813 ως
999 2750 1223 2824 ε’γῷμαι,
1264 2746 1519 2803 ἑκαστοτε
1552 2741 1660 2803 ωδε
1689 2745 1799 2802 ὑπὸ

122 2842 235 2895 τῶν
282 2839 555 2908 οἰομένων
599 2837 652 2892 τὶ
698 2839 902 2906 λέγειν,
956 2833 1138 2903 ω’σπερ
1185 2838 1293 2890 νῦν
1333 2834 1402 2906 δὴ
1445 2833 1548 2906 ἐγω
1593 2838 1798 2903 ἔλεγον,
