2020 3198
849 155 1091 201 ΦΑΙΔΩΝ.
1703 154 1808 206 125

130 265 372 341 λοότερόν
408 291 462 325 τι
499 274 609 327 νῦν
649 270 924 341 διάκειμαι
960 267 995 342 ἢ
1037 272 1098 326 ἐν
1135 274 1210 347 τῷ
1242 271 1496 342 πρόσθεν
1527 276 1658 348 βίω·
1697 278 1807 342 καί,

129 353 204 420 ὥς
249 360 417 428 ἔοικε,
469 361 584 414 τῶν
629 355 850 415 κύκνων
898 362 1043 416 δοκῶ
1095 359 1437 432 φαυλότερος
1482 358 1617 431 ὑμῖν
1664 358 1809 416 εἶναι

129 441 231 513 τὴν
269 444 563 517 μαντικήν,
604 449 675 517 οἵ,
716 446 939 503 ἐπειδὰν
980 454 1314 518 αἴσθωνται,
1355 447 1439 503 ὅτι
1480 451 1569 504 δεῖ
1604 447 1810 514 αὐτοὺς

130 530 467 604 ἀποθανεῖν,
514 532 744 607 ᾄδοντες
787 535 879 589 καὶ
919 537 979 591 ἐν
1017 538 1092 611 τῷ
1139 535 1392 606 πρόσθεν
1430 536 1639 611 χρόνῳ,
1684 536 1810 592 τότε

129 617 200 690 δὴ
236 621 244 689 Ι
277 625 502 675 πλεῖστα
538 623 630 677 καὶ
669 622 904 693 μάλιστα
944 621 1163 695 ᾅδουσι,
1201 623 1519 694 γεγηθότες,
1564 622 1649 679 ὅτι
1687 624 1810 694 μέλ-
1827 637 1882 677 85

130 713 292 762 λουσι
329 708 476 781 παρὰ
515 708 617 765 τὸν
655 709 794 767 θεὸν
833 709 1072 781 ἀπιέναι,
1114 703 1284 781 οὗπέρ
1317 714 1424 767 είσι
1454 711 1811 782 θεράποντες.

131 796 190 849 οἱ
225 793 277 850 δ’
321 793 615 870 ἅνθρωποι
655 797 746 853 διὰ
784 797 847 854 τὸ
891 796 1076 854 αὐτῶν
1116 799 1241 864 δέος
1277 801 1380 853 τοῦ
1425 798 1682 854 θανάτου
1719 800 1812 853 καὶ

129 886 242 938 τῶν
287 883 510 940 κύκνων
547 885 1014 956 καταψεύδονται,
1064 890 1161 940 καί
1202 901 1374 956 φασιν
1423 884 1628 951 αὐτοὺς
1671 893 1813 959 θρηι

130 974 370 1038 νοῦντας
421 971 522 1029 τὸν
574 972 828 1029 θάνατον
881 973 990 1030 ὑπὸ
1054 976 1229 1045 λύπης
1284 973 1527 1046 ἐξᾴδειν,
1588 975 1680 1029 καὶ
1743 974 1811 1030 οὐ

130 1064 458 1132 λογίζονται,
499 1060 584 1118 ὅτι
624 1061 792 1118 οὐδὲν
825 1062 1025 1134 ὄρνεον
1058 1062 1198 1134 ᾄδει,
1239 1060 1373 1118 ὅταν
1405 1065 1566 1133 πεινῇ
1598 1058 1633 1131 ἢ
1665 1063 1818 1135 ῥιγοῖ
1874 1070 1882 1085 ”

131 1147 167 1219 ἤ
204 1169 330 1204 τινα
369 1148 545 1221 ἄλλην
584 1149 767 1220 λύπην
807 1154 1061 1221 λυπῆται,
1103 1150 1235 1206 οὐδὲ
1273 1148 1411 1220 αὐτὴ
1449 1148 1485 1220 ἥ
1524 1171 1581 1204 τε
1620 1148 1813 1220 ἀηδών

131 1236 223 1290 καὶ
260 1235 495 1307 χελιδών
533 1237 625 1292 καὶ
664 1236 694 1293 ὁ
736 1242 903 1309 ἔποψ,
954 1235 989 1292 ἃ
1029 1237 1098 1309 δή
1138 1254 1275 1309 φασι
1322 1237 1415 1293 διὰ
1455 1236 1636 1308 λύπην
1673 1245 1814 1309 θρη-

131 1327 341 1380 νοῦντα
388 1323 569 1398 ᾄδειν·
616 1323 738 1381 ἀλλ’
783 1324 911 1382 οὔτε
956 1325 1128 1381 ταῦτά
1174 1347 1268 1397 μοι
1314 1330 1571 1396 φαίνεται
1609 1325 1814 1381 λυπού-

133 1433 271 1481 μενα
324 1410 481 1485 ᾅδειν
538 1411 664 1469 οὔτε
719 1415 777 1469 οἱ
825 1413 1047 1484 κύκνοι,
1110 1412 1232 1469 ἀλλ’
1291 1412 1403 1484 ἅτε,
1460 1410 1635 1484 οἶμαι,
1671 1412 1679 1486 Ι
1711 1416 1866 1468 τοῦΒ

130 1497 473 1566 Ἀπόλλωνος
518 1498 672 1567 ὄντες
716 1506 976 1572 μαντικοί
1014 1503 1077 1557 τέ
1119 1505 1225 1557 εἰσι
1262 1502 1355 1557 καὶ
1393 1500 1709 1574 προειδότες
1746 1500 1812 1555 τὰ

134 1589 194 1642 ἐν
229 1587 424 1645 ’Ἅιδου
469 1587 657 1660 ἀγαθὰ
713 1588 914 1663 ᾄδουσι
958 1589 1052 1644 καὶ
1097 1590 1391 1661 τέρπονται
1446 1592 1662 1660 ἐκείνην
1711 1587 1813 1660 τὴν

136 1673 344 1748 ἡμέραν
385 1677 761 1748 διαφερόντως
798 1673 833 1747 ἢ
875 1679 934 1732 ἐν
973 1680 1047 1751 τῷ
1089 1680 1404 1748 ἔμπροσθεν
1443 1676 1643 1753 χρόνῳ.
1706 1676 1811 1748 ἐγώ

135 1762 196 1818 δὲ
232 1763 324 1818 καὶ
363 1761 527 1829 αὐτὸς
557 1762 800 1834 ἡγοῦμαι
839 1761 1151 1834 ὃμόδουλός
1179 1787 1242 1835 γε
1273 1762 1417 1820 εἶναι
1446 1767 1559 1820 τῶν
1590 1764 1814 1821 κύκνων

132 1851 225 1907 καὶ
264 1851 411 1924 ἱερὸς
448 1855 548 1907 τοῦ
588 1849 760 1906 αὐτοῦ
798 1855 965 1921 θεοῦ,
1003 1852 1096 1906 καὶ
1136 1850 1204 1906 οὐ
1242 1856 1406 1923 χείρω
1447 1854 1674 1907 ἐκείνων
1710 1852 1814 1924 τὴν

134 1938 402 2009 μαντικὴν
450 1942 593 2010 ἔχειν
639 1937 787 2011 παρὰ
838 1941 940 1993 τοῦ
995 1940 1292 2009 δεσπότου,
1348 1938 1482 1995 οὐδὲ
1530 1940 1814 2011 δυσθυμό-

133 2048 295 2097 τερον
342 2023 526 2082 αὐτῶν
571 2029 671 2081 τοῦ
718 2030 846 2095 βίον
892 2024 1350 2082 ἀπαλλάττεσθαι.
1426 2025 1567 2082 ἀλλὰ
1611 2028 1815 2084 τούτου

134 2135 195 2184 γε
235 2115 392 2168 ἕνεκα
430 2113 611 2183 λέγειν
649 2134 707 2167 τε
745 2112 846 2185 χρὴ
886 2113 979 2167 καὶ
1018 2114 1231 2185 ἐρωτᾶν
1272 2112 1357 2169 ὅτι
1402 2110 1473 2169 ἄν
1512 2115 1814 2187 βούλησθε,

135 2203 236 2268 ἕως
289 2198 362 2257 ἂν
412 2199 726 2271 Ἀθηναίων
788 2203 955 2256 ἐῶσιν
1016 2199 1218 2273 ἄνδρες
1271 2203 1501 2258 ἕνδεκα.’
1579 2205 1814 2274 “καλῶς,’

136 2293 267 2361 ἔφη,
330 2289 568 2359 *λέγειςξ
630 2286 659 2343 ὁ
716 2293 981 2359 Σιμμίας·
1043 2289 1154 2344 ‘nal
1217 2291 1392 2360 ἔγωγέ
1441 2307 1530 2347 σοι
1585 2293 1720 2363 ἐρῶ,
1783 2289 1814 2347 ὃ

137 2375 389 2451 Ιάπορῶ,
435 2375 528 2431 καὶ
567 2369 638 2431 αὖ
679 2374 800 2446 ὅδε,
845 2369 883 2449 ᾗ
930 2375 1034 2433 οὐκ
1072 2375 1395 2450 ἀποδέχεται
1433 2377 1499 2434 τὰ
1541 2380 1866 2450 εἰρημένα.ῦ

137 2465 257 2535 ἐμοὶ
294 2463 400 2536 γὰρ
442 2467 610 2533 δοκεῖ,
650 2457 695 2520 αἶ
735 2463 1045 2537 Σώκρατες,
1084 2466 1208 2537 περὶ
1238 2470 1351 2522 τῶν
1382 2466 1652 2522 τοιούτων
1685 2473 1816 2532 ἴσως

136 2550 317 2621 ὥσπερ
363 2551 456 2607 καὶ
503 2551 591 2606 σοὶ
635 2550 697 2606 τὸ
745 2551 846 2622 μὲν
894 2552 1065 2623 σαφὲς
1111 2554 1318 2608 εἰδέναι
1351 2555 1412 2609 ἐν
1449 2557 1525 2629 τῷ
1565 2557 1674 2609 νῦν
1713 2559 1815 2628 βίῳ

136 2635 168 2709 ἢ
209 2637 491 2693 ἀδύνατον
533 2635 675 2693 εἶναι
714 2635 748 2708 ἢ
789 2638 1142 2710 παγχάλεπόν
1181 2661 1256 2710 τι,
1307 2640 1368 2696 τὸ
1410 2642 1598 2711 μέντοι
1637 2635 1710 2696 αὖ
1747 2639 1813 2696 τὰ

136 2727 403 2797 λεγόμενα
449 2726 573 2797 περὶ
620 2722 804 2780 αὐτῶν
851 2724 924 2797 μὴ
974 2724 1098 2798 οὐχὶ
1144 2727 1307 2782 παντὶ
1345 2729 1527 2803 τρόπῳ
1574 2729 1814 2799 ἐλέγχειν

135 2813 226 2869 καὶ
287 2812 361 2884 μὴ
423 2816 899 2884 προαφίστασθαι,
962 2813 1094 2883 πρὶν
1148 2810 1220 2868 ἂν
1273 2819 1522 2887 πανταχῇ
1586 2819 1814 2871 σποπῶν
