2020 3198
253 183 363 236 220
910 184 1248 228 ΠΛΑΤῼΝΟΣ
1874 191 1931 230 46

255 307 401 356 θοοῦ
453 303 520 371 δὴ
589 310 664 375 τςό
731 302 947 375 ἀγαστῷ
1002 303 1138 372 αὕτη
1191 304 1225 372 ἡ
1282 303 1563 373 ἐπωνυμία
1616 303 1782 372 ἐστίν,
1840 303 1933 357 τά-

253 393 448 458 γαθόν.

398 477 624 531 XXVII.
690 480 1035 548 Δικαιοσύνη
1085 478 1169 548 δέ,
1219 480 1302 533 ὅτι
1348 477 1448 549 μὲν
1486 479 1572 533 ἐπὶ
1610 486 1675 550 τῇ
1714 486 1814 532 τοῦ
1853 481 1934 532 (51,-
2007 523 2011 528 .

250 568 412 619 καίου
459 565 678 619 συνέσει
726 574 892 620 τοῦτο
931 576 1103 620 κεῖται
1142 569 1203 620 τὸ
1244 569 1443 637 ὄνομα,
1493 567 1689 639 ῥᾴδιον
1727 570 1934 636 συμβα-

252 658 392 706 λεῖν·
441 649 574 707 αὐτὸ
622 651 683 707 δὲ
727 655 789 707 τὸ
838 655 1056 707 δίκαιον
1103 657 1356 723 χαλεπόν.
1440 653 1530 707 καὶ
1576 656 1681 725 γὰρ
1729 656 1798 723 δὴ
1842 653 1932 708 καὶ

252 743 394 795 ε’ὀικε
427 740 584 811 μέχρι
615 740 717 810 μέν
748 761 848 795 του
881 742 1274 811 ὁμολογεῖσθαι
1306 744 1452 812 παρὰ
1483 734 1726 811 πολλῶν,
1754 745 1936 796 ἔπειτα

179 833 218 876 D
253 827 313 882 δὲ
361 829 843 899 ἀμφισβητεῖσθαι.
880 829 886 899 Ι
923 830 1045 883 ὅσοι
1090 831 1195 899 γὰρ
1240 830 1507 898 ἡγοῦνται
1544 832 1606 884 τὸ
1644 838 1755 884 πᾶν
1794 827 1936 884 εἶναι
2015 878 2020 886 ,,

253 917 314 971 έν
357 920 578 988 πορεία,
625 919 687 970 τὸ
736 915 836 986 μὲν
882 920 1025 971 πολὺ
1073 916 1245 971 αὐτοῦ
1291 918 1781 987 ὑπολαμβάνουσιν
1824 935 1962 972 τοι-·
2006 931 2020 970 r'„

254 1008 422 1058 οῦτόν
471 1024 524 1057 τι
574 1001 743 1073 εἶναι,
797 998 919 1058 οἷον
969 1002 1136 1058 οὐδὲν
1186 1006 1319 1059 ἄλλο
1374 1005 1407 1074 ἢ
1462 1015 1686 1077 χωρεῖν,
1737 1007 1830 1059 διὰ
1876 1003 1938 1060 δὲ

251 1095 454 1147 τούτου
491 1094 695 1156 παντὸς
725 1089 874 1146 εἶναι’
899 1112 952 1146 τι
985 1092 1201 1156 διεξιόν.
1245 1089 1316 1146 δι’
1355 1089 1422 1146 οὗ
1451 1095 1628 1147 πάντα
1656 1096 1722 1147 τά
1751 1095 1939 1162 γιγνό-

254 1201 391 1251 μενα
435 1183 752 1250 γίγνεσθαι·
802 1177 945 1234 εἶναι
997 1178 1056 1234 δὲ
1102 1182 1358 1250 τάχιστον
1404 1190 1566 1235 τοῦτο
1613 1181 1704 1235 καὶ
1749 1185 1938 1236 λεπτό-
2007 1211 2020 1237 ι

254 1288 431 1323 τατον.
489 1267 556 1322 οὐ
610 1270 715 1338 γὰρ
772 1268 840 1322 ἂν
897 1269 1175 1322 δύνασθαι
1229 1270 1405 1331 ἄλλως
1458 1271 1550 1322 διὰ
1602 1277 1701 1323 τοῦ
1758 1271 1940 1333 ἰόντος

257 1357 397 1411 ι’έναι
434 1359 657 1425 παντός,
697 1359 749 1410 εἰ
784 1357 857 1425 μὴ
899 1359 1229 1410 λεπτότατόν
1266 1375 1324 1410 τε
1363 1353 1450 1425 ἧν,
1491 1357 1627 1410 ὥστε
1667 1353 1799 1410 αὐτὸ
1838 1377 1938 1426 μη-

256 1443 351 1499 δὲν
390 1444 620 1513 στέγειν,
659 1443 750 1497 καὶ
782 1445 1055 1513 τάχιστον,
1097 1445 1234 1498 ὥστε
1265 1450 1506 1514 χρῆσθαι
1531 1446 1710 1515 ὥσπερ
1744 1444 1940 1498 ἑστῶσι

255 1542 370 1596 τοῖς
409 1534 607 1594 ἄλλοις.
687 1529 802 1585 ἐπεὶ
842 1527 893 1584 δ’
941 1527 1044 1585 οὗν
1095 1531 1436 1602 ἐπιτροπεύει
1483 1534 1549 1585 τά
1588 1534 1726 1586 ἄλλα
1762 1534 1940 1586 πάντα

186 1622 224 1665 Ε
258 1623 464 1688 διαϊόν,
511 1627 676 1672 τοῦτο
723 1620 784 1672 τὸ
821 1619 826 1689 ἱ
863 1621 1038 1688 ὄνομα
1077 1619 1283 1688 ἐκλήθη
1332 1621 1516 1690 ὀρθῶς
1565 1622 1804 1688 δίκαιον,
1851 1618 1940 1674 εὐ-

258 1711 482 1777 στομίας
544 1707 702 1760 ἕνεκα
759 1707 861 1775 τὴν
926 1714 1025 1760 τοῦ
1079 1708 1263 1760 κάππα
1319 1709 1557 1777 δύναμιν
1607 1711 1938 1779 προσλαβόν.

258 1796 414 1867 μέχρι
463 1792 563 1865 μὲν
617 1790 720 1848 οὖν
777 1795 1044 1863 ἐνταῦθα,
1101 1794 1130 1847 ὃ
1186 1802 1293 1848 νῦν
1340 1797 1407 1863 δὴ
1457 1795 1739 1865 ἐλέγομεν,
1793 1798 1939 1866 παρὰ

140 1891 225 1930 413
258 1888 478 1937 πολλῶν
524 1884 870 1953 ὁμολογεῖται
908 1891 1070 1937 τοῦτο
1110 1880 1253 1936 εἶναι
1291 1885 1352 1937 τὸ
1395 1885 1636 1938 δίκαιον·
1671 1884 1678 1954 Ι
1714 1884 1820 1952 ἐγὼ
1860 1884 1936 1952 δέ,

259 1969 302 2026 ὦ
333 1970 678 2041 Ἑρμόγενες,
719 1972 811 2025 ἅτε
851 1973 1083 2041 λιπαρὴς
1123 1972 1200 2025 ὢν
1239 1970 1362 2043 περὶ
1403 1971 1592 2041 αὐτοῦ,
1633 1980 1802 2026 ταῦτα
1839 1971 1941 2042 μὲν

258 2061 435 2113 πάντα
483 2060 853 2129 διαπέπυσμαι
900 2058 961 2112 ἐν
1007 2059 1360 2130 ἀπορρήτοις,
1410 2062 1493 2114 ὅτι
1530 2059 1682 2114 τοῦτ’
1727 2063 1840 2113 ἔστι
1876 2062 1938 2114 τὸ

260 2149 476 2202 δίκαιον
520 2147 610 2201 καὶ
656 2149 718 2201 τὸ
766 2152 943 2201 αἴτιον
992 2179 1063 2185 -
1113 2146 1187 2201 δι’
1241 2147 1270 2201 ὃ
1318 2149 1421 2218 γὰρ
1468 2150 1736 2216 γίγνεται,
1781 2146 1934 2201 τοῦτ’

260 2238 373 2289 ἔστι
423 2238 483 2289 τὸ
540 2241 719 2289 αἴτιον
773 2266 846 2273 --
899 2234 989 2288 καὶ
1048 2236 1162 2306 ι’ὃία
1224 2240 1412 2288 καλεῖν
1470 2237 1575 2304 ἔφη
1643 2254 1724 2298 τις
1774 2242 1940 2287 τοῦτο

260 2324 444 2393 ὀρθῶς
505 2325 648 2391 ἔχειν
712 2323 804 2375 διὰ
857 2328 1049 2375 ταῦτα·
1112 2321 1335 2374 ἐπειδὰν
1399 2320 1451 2374 δ’
1512 2321 1684 2391 ἠρέμα
1738 2319 1941 2383 αὐτοὺς

261 2411 579 2480 ἐπανερωτῶ
620 2409 858 2471 ἀκούσας
902 2416 1071 2462 ταῦτα
1124 2406 1297 2476 μηδὲν
1344 2405 1533 2475 ἧττον,
1580 2411 1638 2460 τί
1672 2404 1775 2461 οὖν
1813 2407 1934 2461 ποτ’

261 2501 431 2565 ἔστιν,
473 2494 515 2551 ὦ
561 2498 772 2566 ἄριστε,
814 2498 1048 2562 δίκαιον,
1089 2497 1141 2547 εἰ
1176 2501 1340 2547 τοῦτο
1389 2495 1562 2558 οὕτως
1608 2498 1739 2564 ἕχει;
1791 2498 1936 2549 δοκῶ

261 2606 317 2639 τε
364 2587 470 2654 ἤδη
517 2588 823 2655 μακρότερα
867 2589 968 2635 τοῦ
1014 2584 1387 2652 προσήκοντος
1427 2582 1634 2652 ἐρωτᾶν
1672 2582 1762 2636 καὶ
1800 2580 1939 2651 ὑπὲρ

198 2689 233 2732 Β
265 2675 330 2727 τὰ
370 2671 677 2741 ἐσκαμμένα
717 2672 997 2724 ἅλλεσθαι.
1077 2670 1274 2732 ἱκανῶς
1309 2667 1314 2740 Ι
1349 2671 1454 2739 γάρ
1494 2669 1564 2739 μέ
1598 2685 1734 2740 φασι
1772 2670 1939 2723 πεπύ-

264 2767 399 2814 σθαι
463 2759 574 2827 [καὶ
638 2757 950 2827 ἀκηκοέναι]
1017 2755 1107 2810 καὶ
1171 2757 1543 2827 ἐπιχειροῦσιν
1610 2759 1939 2826 βουλόμενοι

265 2848 676 2918 ἀποπιμπλάναι
722 2866 786 2915 με
835 2847 998 2908 ἄλλος
1037 2846 1173 2897 ἄλλα
1218 2845 1324 2913 ἤδη
1373 2844 1576 2927 λέγειν,
1622 2843 1713 2897 καὶ
1759 2842 1939 2897 οὐκέτι
