<?xml version="1.0" encoding="UTF-8"?>
<!DOCTYPE html PUBLIC "-//W3C//DTD XHTML 1.0 Transitional//EN"
    "http://www.w3.org/TR/xhtml1/DTD/xhtml1-transitional.dtd">
<html xmlns="http://www.w3.org/1999/xhtml" xml:lang="en" lang="en">
 <head>
  <title>
</title>
<meta http-equiv="Content-Type" content="text/html;charset=utf-8" />
  <meta name='ocr-system' content='tesseract 3.04.00' />
  <meta name='ocr-capabilities' content='ocr_page ocr_carea ocr_par ocr_line ocrx_word'/>
</head>
<body>
  <div class='ocr_page' id='page_1' title='image "./p1dialogisecumdu01platuoft_0204.png"; bbox 0 0 2020 3198; ppageno 0'>
   <div class='ocr_carea' id='block_1_1' title="bbox 279 137 1283 190">
    <p class='ocr_par' dir='ltr' id='par_1_1' title="bbox 279 137 1283 190">
     <span class='ocr_line' id='line_1_1' title="bbox 279 137 1283 190; baseline -0.006 -2"><span class='ocrx_word' id='word_1_1' title='bbox 279 137 384 190; x_wconf 84' lang='lat'><em>158</em></span> <span class='ocrx_word' id='word_1_2' title='bbox 946 139 1283 184; x_wconf 70' lang='grc' dir='ltr'><strong>ΠΛΑΤΩΝΟΣ</strong></span> 
     </span>
    </p>
   </div>
   <div class='ocr_carea' id='block_1_2' title="bbox 221 253 1968 2879">
    <p class='ocr_par' dir='ltr' id='par_1_2' title="bbox 221 253 1968 2879">
     <span class='ocr_line' id='line_1_2' title="bbox 277 253 1966 329; baseline 0.003 -20"><span class='ocrx_word' id='word_1_3' title='bbox 277 258 336 310; x_wconf 84' lang='grc' dir='ltr'><em>ἔκ</em></span> <span class='ocrx_word' id='word_1_4' title='bbox 372 276 435 325; x_wconf 88' lang='grc' dir='ltr'><em>γε</em></span> <span class='ocrx_word' id='word_1_5' title='bbox 476 258 588 311; x_wconf 77' lang='grc' dir='ltr'><em>τῶν</em></span> <span class='ocrx_word' id='word_1_6' title='bbox 626 256 962 326; x_wconf 88' lang='grc' dir='ltr'><em>λεγομένων·</em></span> <span class='ocrx_word' id='word_1_7' title='bbox 1007 253 1115 312; x_wconf 81' lang='grc' dir='ltr'><em>ὑπὸ</em></span> <span class='ocrx_word' id='word_1_8' title='bbox 1157 257 1346 326; x_wconf 87' lang='grc' dir='ltr'><em>μέντοι</em></span> <span class='ocrx_word' id='word_1_9' title='bbox 1391 265 1493 313; x_wconf 87' lang='grc' dir='ltr'><em>τοῦ</em></span> <span class='ocrx_word' id='word_1_10' title='bbox 1530 258 1802 328; x_wconf 84' lang='grc' dir='ltr'><em>μεγέθους</em></span> <span class='ocrx_word' id='word_1_11' title='bbox 1837 259 1966 329; x_wconf 77' lang='grc' dir='ltr'><em>περὶ</em></span> 
     </span>
     <span class='ocr_line' id='line_1_3' title="bbox 276 335 1966 417; baseline 0.002 -19"><span class='ocrx_word' id='word_1_12' title='bbox 276 335 356 398; x_wconf 75' lang='grc' dir='ltr'><em>ὧν</em></span> <span class='ocrx_word' id='word_1_13' title='bbox 412 345 471 398; x_wconf 72' lang='lat' dir='ltr'><em>ol*</em></span> <span class='ocrx_word' id='word_1_14' title='bbox 518 341 678 413; x_wconf 97' lang='grc' dir='ltr'><em>λόγοι</em></span> <span class='ocrx_word' id='word_1_15' title='bbox 733 347 900 413; x_wconf 78' lang='grc' dir='ltr'><em>εἰσίν,</em></span> <span class='ocrx_word' id='word_1_16' title='bbox 954 344 1048 399; x_wconf 85' lang='grc' dir='ltr'><em>καὶ</em></span> <span class='ocrx_word' id='word_1_17' title='bbox 1092 342 1194 414; x_wconf 88' lang='grc' dir='ltr'><em>τὴν</em></span> <span class='ocrx_word' id='word_1_18' title='bbox 1240 345 1613 417; x_wconf 82' lang='grc' dir='ltr'><em>ἀνθρωπίνην</em></span> <span class='ocrx_word' id='word_1_19' title='bbox 1659 343 1966 402; x_wconf 86' lang='grc' dir='ltr'><em>ἀσθένειαν</em></span> 
     </span>
     <span class='ocr_line' id='line_1_4' title="bbox 221 428 1965 510; baseline 0.002 -25"><span class='ocrx_word' id='word_1_20' title='bbox 221 439 256 484; x_wconf 94' lang='grc' dir='ltr'>Β</span> <span class='ocrx_word' id='word_1_21' title='bbox 277 429 284 504; x_wconf 83' lang='grc' dir='ltr'>Ι</span> <span class='ocrx_word' id='word_1_22' title='bbox 305 428 603 502; x_wconf 80' lang='grc' dir='ltr'><em>ἀτιμάζων,</em></span> <span class='ocrx_word' id='word_1_23' title='bbox 625 429 1000 504; x_wconf 79' lang='grc' dir='ltr'><em>ἀναγκάζομαι</em></span> <span class='ocrx_word' id='word_1_24' title='bbox 1025 430 1285 487; x_wconf 85' lang='grc' dir='ltr'><em>ἀπιστίαν</em></span> <span class='ocrx_word' id='word_1_25' title='bbox 1312 435 1390 488; x_wconf 82' lang='grc' dir='ltr'><em>ἔτι</em></span> <span class='ocrx_word' id='word_1_26' title='bbox 1418 437 1563 504; x_wconf 82' lang='grc' dir='ltr'><em>ἔχειν</em></span> <span class='ocrx_word' id='word_1_27' title='bbox 1587 431 1717 506; x_wconf 90' lang='grc' dir='ltr'><em>παρ’</em></span> <span class='ocrx_word' id='word_1_28' title='bbox 1747 434 1965 510; x_wconf 80' lang='grc' dir='ltr'><em>ἐμαυτῷ</em></span> 
     </span>
     <span class='ocr_line' id='line_1_5' title="bbox 276 513 1966 591; baseline 0.002 -18"><span class='ocrx_word' id='word_1_29' title='bbox 276 518 401 591; x_wconf 85' lang='grc' dir='ltr'><em>περὶ</em></span> <span class='ocrx_word' id='word_1_30' title='bbox 424 522 536 574; x_wconf 74' lang='grc' dir='ltr'><em>τῶν</em></span> <span class='ocrx_word' id='word_1_31' title='bbox 561 520 901 591; x_wconf 76' lang='grc' dir='ltr'><em>εἰρημένωνῖ</em></span> <span class='ocrx_word' id='word_1_32' title='bbox 958 517 1047 574; x_wconf 66' lang='lat'><em>‘013</em></span> <span class='ocrx_word' id='word_1_33' title='bbox 1073 518 1252 591; x_wconf 91' lang='grc' dir='ltr'><em>μόνον</em></span> <span class='ocrx_word' id='word_1_34' title='bbox 1276 520 1369 590; x_wconf 86' lang='grc' dir='ltr'><em>γ’,’</em></span> <span class='ocrx_word' id='word_1_35' title='bbox 1413 523 1537 591; x_wconf 84' lang='grc' dir='ltr'><em>ἔφη,</em></span> <span class='ocrx_word' id='word_1_36' title='bbox 1562 513 1626 575; x_wconf 72' lang='lat'><em>‘03</em></span> <span class='ocrx_word' id='word_1_37' title='bbox 1651 522 1904 591; x_wconf 83' lang='grc' dir='ltr'><em>Σιμμιά,’</em></span> <span class='ocrx_word' id='word_1_38' title='bbox 1931 520 1966 576; x_wconf 89' lang='lat'><em>6</em></span> 
     </span>
     <span class='ocr_line' id='line_1_6' title="bbox 276 601 1966 679; baseline 0.002 -17"><span class='ocrx_word' id='word_1_39' title='bbox 276 607 598 679; x_wconf 78' lang='grc' dir='ltr'><em>Σωκράτης,</em></span> <span class='ocrx_word' id='word_1_40' title='bbox 631 606 791 663; x_wconf 63' lang='grc' dir='ltr'><em>“ἀλλά</em></span> <span class='ocrx_word' id='word_1_41' title='bbox 819 607 991 663; x_wconf 89' lang='grc' dir='ltr'><em>ταῦτά</em></span> <span class='ocrx_word' id='word_1_42' title='bbox 1020 629 1078 663; x_wconf 91' lang='grc' dir='ltr'><em>τε</em></span> <span class='ocrx_word' id='word_1_43' title='bbox 1106 601 1168 663; x_wconf 81' lang='grc' dir='ltr'><em>εὖ</em></span> <span class='ocrx_word' id='word_1_44' title='bbox 1198 608 1391 678; x_wconf 87' lang='grc' dir='ltr'><em>λέγεις,</em></span> <span class='ocrx_word' id='word_1_45' title='bbox 1422 608 1515 662; x_wconf 88' lang='grc' dir='ltr'><em>καὶ</em></span> <span class='ocrx_word' id='word_1_46' title='bbox 1546 606 1644 673; x_wconf 83' lang='grc' dir='ltr'><em>τάς</em></span> <span class='ocrx_word' id='word_1_47' title='bbox 1666 606 1966 675; x_wconf 75' lang='grc' dir='ltr'><em>ὑποθέσεις</em></span> 
     </span>
     <span class='ocr_line' id='line_1_7' title="bbox 275 693 1958 768; baseline 0.002 -18"><span class='ocrx_word' id='word_1_48' title='bbox 275 694 372 761; x_wconf 80' lang='grc' dir='ltr'><em>τὰς</em></span> <span class='ocrx_word' id='word_1_49' title='bbox 402 695 642 768; x_wconf 81' lang='grc' dir='ltr'><em>πρώτας,</em></span> <span class='ocrx_word' id='word_1_50' title='bbox 680 696 772 751; x_wconf 85' lang='grc' dir='ltr'><em>καὶ</em></span> <span class='ocrx_word' id='word_1_51' title='bbox 805 699 855 752; x_wconf 81' lang='grc' dir='ltr'><em>εἰ</em></span> <span class='ocrx_word' id='word_1_52' title='bbox 883 695 1071 751; x_wconf 88' lang='grc' dir='ltr'><em>πισταὶ</em></span> <span class='ocrx_word' id='word_1_53' title='bbox 1093 693 1228 766; x_wconf 86' lang='grc' dir='ltr'><em>ὑμῖν</em></span> <span class='ocrx_word' id='word_1_54' title='bbox 1261 699 1422 766; x_wconf 81' lang='grc' dir='ltr'><em>εἰσιν,</em></span> <span class='ocrx_word' id='word_1_55' title='bbox 1447 694 1594 767; x_wconf 83' lang='grc' dir='ltr'><em>ὅμως</em></span> <span class='ocrx_word' id='word_1_56' title='bbox 1621 697 1958 753; x_wconf 78' lang='grc' dir='ltr'><em>ἐπισκεπτέαι</em></span> 
     </span>
     <span class='ocr_line' id='line_1_8' title="bbox 277 778 1964 862; baseline 0.002 -24"><span class='ocrx_word' id='word_1_57' title='bbox 277 784 640 854; x_wconf 83' lang='grc' dir='ltr'><em>σαφέστερον·</em></span> <span class='ocrx_word' id='word_1_58' title='bbox 678 784 771 838; x_wconf 85' lang='grc' dir='ltr'><em>καὶ</em></span> <span class='ocrx_word' id='word_1_59' title='bbox 804 784 902 839; x_wconf 85' lang='grc' dir='ltr'><em>ἐὰν</em></span> <span class='ocrx_word' id='word_1_60' title='bbox 935 782 1106 848; x_wconf 81' lang='grc' dir='ltr'><em>αὐτὰς</em></span> <span class='ocrx_word' id='word_1_61' title='bbox 1129 785 1332 849; x_wconf 75' lang='grc' dir='ltr'><em>ἱκανῶς</em></span> <span class='ocrx_word' id='word_1_62' title='bbox 1364 784 1593 855; x_wconf 86' lang='grc' dir='ltr'><em>διέλητε,</em></span> <span class='ocrx_word' id='word_1_63' title='bbox 1633 781 1708 851; x_wconf 78' lang='grc' dir='ltr'><em>ὥς</em></span> <span class='ocrx_word' id='word_1_64' title='bbox 1739 778 1964 862; x_wconf 74' lang='grc' dir='ltr'><em>ἐγῷμαι,</em></span> 
     </span>
     <span class='ocr_line' id='line_1_9' title="bbox 277 869 1968 947; baseline 0.002 -21"><span class='ocrx_word' id='word_1_65' title='bbox 277 869 689 942; x_wconf 78' lang='grc' dir='ltr'><em>ἀκολουθήσετε</em></span> <span class='ocrx_word' id='word_1_66' title='bbox 711 873 786 947; x_wconf 77' lang='grc' dir='ltr'><em>τῷ</em></span> <span class='ocrx_word' id='word_1_67' title='bbox 811 870 978 947; x_wconf 75' lang='grc' dir='ltr'><em>λόγῳ,</em></span> <span class='ocrx_word' id='word_1_68' title='bbox 1010 870 1142 926; x_wconf 87' lang='grc' dir='ltr'><em>καθ’</em></span> <span class='ocrx_word' id='word_1_69' title='bbox 1180 869 1317 927; x_wconf 79' lang='grc' dir='ltr'><em>ὅσον</em></span> <span class='ocrx_word' id='word_1_70' title='bbox 1343 871 1590 928; x_wconf 88' lang='grc' dir='ltr'><em>δυνατὸν</em></span> <span class='ocrx_word' id='word_1_71' title='bbox 1622 870 1840 944; x_wconf 88' lang='grc' dir='ltr'><em>μάλιστ’</em></span> <span class='ocrx_word' id='word_1_72' title='bbox 1868 873 1968 929; x_wconf 52' lang='grc' dir='ltr'><em>ἀνι</em></span> 
     </span>
     <span class='ocr_line' id='line_1_10' title="bbox 277 955 1965 1034; baseline 0.002 -20"><span class='ocrx_word' id='word_1_73' title='bbox 277 957 486 1031; x_wconf 76' lang='grc' dir='ltr'><em>θραῖπω</em></span> <span class='ocrx_word' id='word_1_74' title='bbox 527 961 998 1030; x_wconf 84' lang='grc' dir='ltr'><em>ἐπακολουθῆσαι·</em></span> <span class='ocrx_word' id='word_1_75' title='bbox 1037 955 1142 1013; x_wconf 74' lang='grc' dir='ltr'><em>κᾶν</em></span> <span class='ocrx_word' id='word_1_76' title='bbox 1165 961 1331 1014; x_wconf 89' lang='grc' dir='ltr'><em>τοῦτο</em></span> <span class='ocrx_word' id='word_1_77' title='bbox 1357 957 1492 1014; x_wconf 85' lang='grc' dir='ltr'><em>αὐτὸ</em></span> <span class='ocrx_word' id='word_1_78' title='bbox 1526 960 1698 1032; x_wconf 79' lang='grc' dir='ltr'><em>σαφὲς</em></span> <span class='ocrx_word' id='word_1_79' title='bbox 1720 963 1965 1034; x_wconf 87' lang='grc' dir='ltr'><em>γένηται,</em></span> 
     </span>
     <span class='ocr_line' id='line_1_11' title="bbox 278 1044 1874 1119; baseline 0.003 -18"><span class='ocrx_word' id='word_1_80' title='bbox 278 1045 448 1102; x_wconf 77' lang='grc' dir='ltr'><em>οὐδὲν</em></span> <span class='ocrx_word' id='word_1_81' title='bbox 489 1045 740 1117; x_wconf 83' lang='grc' dir='ltr'><em>ζητήσετε</em></span> <span class='ocrx_word' id='word_1_82' title='bbox 778 1046 1116 1119; x_wconf 87' lang='grc' dir='ltr'><em>περαιτέρω.’</em></span> <span class='ocrx_word' id='word_1_83' title='bbox 1195 1044 1439 1117; x_wconf 47' lang='grc' dir='ltr'><em>(ἀληθῆξ</em></span> <span class='ocrx_word' id='word_1_84' title='bbox 1482 1050 1606 1118; x_wconf 82' lang='grc' dir='ltr'><em>ἔφη,</em></span> <span class='ocrx_word' id='word_1_85' title='bbox 1646 1048 1874 1119; x_wconf 65' lang='grc' dir='ltr'><em>“λέγεις.’</em></span> 
     </span>
     <span class='ocr_line' id='line_1_12' title="bbox 425 1128 1965 1208; baseline 0.003 -18"><span class='ocrx_word' id='word_1_86' title='bbox 425 1136 593 1190; x_wconf 90' lang='lat' dir='ltr'><strong>LVII.</strong></span> <span class='ocrx_word' id='word_1_87' title='bbox 671 1132 848 1190; x_wconf 56' lang='lat' dir='ltr'><em>‘&#39;Al-11&amp;</em></span> <span class='ocrx_word' id='word_1_88' title='bbox 886 1134 1016 1191; x_wconf 90' lang='grc' dir='ltr'><em>τόδε</em></span> <span class='ocrx_word' id='word_1_89' title='bbox 1054 1135 1147 1205; x_wconf 86' lang='grc' dir='ltr'><em>γ’,’</em></span> <span class='ocrx_word' id='word_1_90' title='bbox 1190 1139 1320 1206; x_wconf 84' lang='grc' dir='ltr'><em>ἔφη,</em></span> <span class='ocrx_word' id='word_1_91' title='bbox 1362 1128 1426 1191; x_wconf 66' lang='grc' dir='ltr'><em>εωὐ</em></span> <span class='ocrx_word' id='word_1_92' title='bbox 1476 1133 1704 1208; x_wconf 75' lang='grc' dir='ltr'><em>ἄνδρες,</em></span> <span class='ocrx_word' id='word_1_93' title='bbox 1745 1140 1965 1194; x_wconf 89' lang='grc' dir='ltr'><em>δίκαιον</em></span> 
     </span>
     <span class='ocr_line' id='line_1_13' title="bbox 227 1221 1965 1296; baseline 0.003 -20"><span class='ocrx_word' id='word_1_94' title='bbox 227 1223 701 1296; x_wconf 79' lang='grc' dir='ltr'><em>ΟΙδιανοηθῆναι,</em></span> <span class='ocrx_word' id='word_1_95' title='bbox 742 1221 845 1291; x_wconf 81' lang='grc' dir='ltr'><em>ὅτι,</em></span> <span class='ocrx_word' id='word_1_96' title='bbox 886 1230 1036 1295; x_wconf 74' lang='grc' dir='ltr'><em>εἴπερ</em></span> <span class='ocrx_word' id='word_1_97' title='bbox 1067 1221 1102 1294; x_wconf 82' lang='grc' dir='ltr'>ἡ</span> <span class='ocrx_word' id='word_1_98' title='bbox 1134 1222 1281 1294; x_wconf 84' lang='grc' dir='ltr'><em>ψυχὴ</em></span> <span class='ocrx_word' id='word_1_99' title='bbox 1317 1221 1619 1294; x_wconf 87' lang='grc' dir='ltr'><em>ἀθάνατος,</em></span> <span class='ocrx_word' id='word_1_100' title='bbox 1660 1226 1965 1296; x_wconf 82' lang='grc' dir='ltr'><em>ἐπιμελείας</em></span> 
     </span>
     <span class='ocr_line' id='line_1_14' title="bbox 278 1307 1967 1390; baseline 0.002 -24"><span class='ocrx_word' id='word_1_101' title='bbox 278 1310 346 1382; x_wconf 90' lang='grc' dir='ltr'><em>δὴ</em></span> <span class='ocrx_word' id='word_1_102' title='bbox 389 1314 564 1366; x_wconf 88' lang='grc' dir='ltr'><em>δεῖται</em></span> <span class='ocrx_word' id='word_1_103' title='bbox 605 1310 707 1382; x_wconf 82' lang='grc' dir='ltr'><em>οὐχ</em></span> <span class='ocrx_word' id='word_1_104' title='bbox 745 1309 884 1383; x_wconf 77' lang='grc' dir='ltr'><em>ὑπὲρ</em></span> <span class='ocrx_word' id='word_1_105' title='bbox 923 1314 1023 1366; x_wconf 89' lang='grc' dir='ltr'><em>τοῦ</em></span> <span class='ocrx_word' id='word_1_106' title='bbox 1063 1310 1273 1383; x_wconf 87' lang='grc' dir='ltr'><em>χρόνου</em></span> <span class='ocrx_word' id='word_1_107' title='bbox 1318 1310 1522 1368; x_wconf 83' lang='grc' dir='ltr'><em>τούτου</em></span> <span class='ocrx_word' id='word_1_108' title='bbox 1567 1312 1772 1384; x_wconf 89' lang='grc' dir='ltr'><em>μόνον,</em></span> <span class='ocrx_word' id='word_1_109' title='bbox 1819 1314 1880 1370; x_wconf 91' lang='grc' dir='ltr'><em>ἐν</em></span> <span class='ocrx_word' id='word_1_110' title='bbox 1919 1307 1967 1390; x_wconf 76' lang='grc' dir='ltr'><em>ᾧ</em></span> 
     </span>
     <span class='ocr_line' id='line_1_15' title="bbox 275 1397 1968 1471; baseline 0.002 -17"><span class='ocrx_word' id='word_1_111' title='bbox 275 1402 551 1470; x_wconf 85' lang='grc' dir='ltr'><em>καλοῦμεν</em></span> <span class='ocrx_word' id='word_1_112' title='bbox 574 1398 637 1455; x_wconf 89' lang='grc' dir='ltr'><em>τὸ</em></span> <span class='ocrx_word' id='word_1_113' title='bbox 665 1403 778 1470; x_wconf 80' lang='grc' dir='ltr'><em>ζῆν,</em></span> <span class='ocrx_word' id='word_1_114' title='bbox 803 1398 926 1455; x_wconf 87' lang='grc' dir='ltr'><em>ἀλλ’</em></span> <span class='ocrx_word' id='word_1_115' title='bbox 969 1397 1108 1471; x_wconf 77' lang='grc' dir='ltr'><em>ὑπὲρ</em></span> <span class='ocrx_word' id='word_1_116' title='bbox 1141 1403 1241 1455; x_wconf 90' lang='grc' dir='ltr'><em>τοῦ</em></span> <span class='ocrx_word' id='word_1_117' title='bbox 1265 1399 1487 1470; x_wconf 83' lang='grc' dir='ltr'><em>παντός,</em></span> <span class='ocrx_word' id='word_1_118' title='bbox 1519 1400 1611 1455; x_wconf 87' lang='grc' dir='ltr'><em>καὶ</em></span> <span class='ocrx_word' id='word_1_119' title='bbox 1637 1398 1666 1457; x_wconf 97' lang='lat'><em>6</em></span> <span class='ocrx_word' id='word_1_120' title='bbox 1701 1405 1968 1468; x_wconf 91' lang='grc' dir='ltr'><em>κίνδυνος</em></span> 
     </span>
     <span class='ocr_line' id='line_1_16' title="bbox 276 1484 1968 1562; baseline 0.002 -20"><span class='ocrx_word' id='word_1_121' title='bbox 276 1490 385 1544; x_wconf 88' lang='grc' dir='ltr'><em>νῦν</em></span> <span class='ocrx_word' id='word_1_122' title='bbox 442 1487 511 1558; x_wconf 89' lang='grc' dir='ltr'><em>δὴ</em></span> <span class='ocrx_word' id='word_1_123' title='bbox 565 1488 659 1547; x_wconf 83' lang='grc' dir='ltr'><em>καὶ</em></span> <span class='ocrx_word' id='word_1_124' title='bbox 714 1487 925 1554; x_wconf 80' lang='grc' dir='ltr'><em>δόξειεν</em></span> <span class='ocrx_word' id='word_1_125' title='bbox 980 1484 1050 1543; x_wconf 76' lang='grc' dir='ltr'><em>ἂν</em></span> <span class='ocrx_word' id='word_1_126' title='bbox 1103 1485 1286 1553; x_wconf 85' lang='grc' dir='ltr'><em>δεινὸς</em></span> <span class='ocrx_word' id='word_1_127' title='bbox 1339 1486 1510 1558; x_wconf 84' lang='grc' dir='ltr'><em>εἶναι,</em></span> <span class='ocrx_word' id='word_1_128' title='bbox 1562 1494 1617 1544; x_wconf 82' lang='grc' dir='ltr'><em>εἴ</em></span> <span class='ocrx_word' id='word_1_129' title='bbox 1659 1509 1741 1554; x_wconf 87' lang='grc' dir='ltr'><em>τις</em></span> <span class='ocrx_word' id='word_1_130' title='bbox 1795 1488 1968 1562; x_wconf 78' lang='grc' dir='ltr'><em>αὐτῆς</em></span> 
     </span>
     <span class='ocr_line' id='line_1_17' title="bbox 277 1568 1965 1648; baseline 0.002 -17"><span class='ocrx_word' id='word_1_131' title='bbox 277 1574 550 1647; x_wconf 83' lang='grc' dir='ltr'><em>ἀμελήσει.</em></span> <span class='ocrx_word' id='word_1_132' title='bbox 629 1579 680 1632; x_wconf 84' lang='grc' dir='ltr'><em>εἰ</em></span> <span class='ocrx_word' id='word_1_133' title='bbox 707 1575 808 1647; x_wconf 75' lang='grc' dir='ltr'><em>μὲν</em></span> <span class='ocrx_word' id='word_1_134' title='bbox 839 1574 945 1648; x_wconf 84' lang='grc' dir='ltr'><em>γὰρ</em></span> <span class='ocrx_word' id='word_1_135' title='bbox 978 1568 1051 1646; x_wconf 87' lang='grc' dir='ltr'><em>ἦν</em></span> <span class='ocrx_word' id='word_1_136' title='bbox 1083 1573 1112 1631; x_wconf 93' lang='lat'><em>6</em></span> <span class='ocrx_word' id='word_1_137' title='bbox 1146 1575 1394 1641; x_wconf 85' lang='grc' dir='ltr'><em>θάνατος</em></span> <span class='ocrx_word' id='word_1_138' title='bbox 1423 1579 1524 1631; x_wconf 89' lang='grc' dir='ltr'><em>τοῦ</em></span> <span class='ocrx_word' id='word_1_139' title='bbox 1557 1575 1762 1642; x_wconf 86' lang='grc' dir='ltr'><em>παντὸς</em></span> <span class='ocrx_word' id='word_1_140' title='bbox 1793 1577 1965 1634; x_wconf 86' lang='grc' dir='ltr'><em>ἀπαλ-</em></span> 
     </span>
     <span class='ocr_line' id='line_1_18' title="bbox 277 1658 1966 1736; baseline 0.002 -18"><span class='ocrx_word' id='word_1_141' title='bbox 277 1662 435 1735; x_wconf 89' lang='grc' dir='ltr'><em>λαγή,</em></span> <span class='ocrx_word' id='word_1_142' title='bbox 475 1665 705 1736; x_wconf 80' lang='grc' dir='ltr'><em>ἕρμαιον</em></span> <span class='ocrx_word' id='word_1_143' title='bbox 744 1660 815 1719; x_wconf 75' lang='grc' dir='ltr'><em>ἂν</em></span> <span class='ocrx_word' id='word_1_144' title='bbox 855 1658 926 1734; x_wconf 82' lang='grc' dir='ltr'><em>ἦν</em></span> <span class='ocrx_word' id='word_1_145' title='bbox 971 1674 1088 1729; x_wconf 89' lang='grc' dir='ltr'><em>τοῖς</em></span> <span class='ocrx_word' id='word_1_146' title='bbox 1131 1674 1320 1729; x_wconf 86' lang='grc' dir='ltr'><em>κακοῖς</em></span> <span class='ocrx_word' id='word_1_147' title='bbox 1359 1661 1715 1720; x_wconf 84' lang='grc' dir='ltr'><em>ἀποθανοῦσι</em></span> <span class='ocrx_word' id='word_1_148' title='bbox 1759 1669 1861 1723; x_wconf 88' lang='grc' dir='ltr'><em>τοῦ</em></span> <span class='ocrx_word' id='word_1_149' title='bbox 1905 1687 1966 1722; x_wconf 90' lang='grc' dir='ltr'><em>τε</em></span> 
     </span>
     <span class='ocr_line' id='line_1_19' title="bbox 279 1749 1960 1825; baseline 0.002 -18"><span class='ocrx_word' id='word_1_150' title='bbox 279 1751 530 1823; x_wconf 76' lang='grc' dir='ltr'><em>σώματος</em></span> <span class='ocrx_word' id='word_1_151' title='bbox 568 1749 663 1824; x_wconf 80' lang='grc' dir='ltr'><em>ἅμ’</em></span> <span class='ocrx_word' id='word_1_152' title='bbox 706 1750 1059 1823; x_wconf 84' lang='grc' dir='ltr'><em>ἀπηλλάχθαι</em></span> <span class='ocrx_word' id='word_1_153' title='bbox 1104 1751 1196 1807; x_wconf 87' lang='grc' dir='ltr'><em>καὶ</em></span> <span class='ocrx_word' id='word_1_154' title='bbox 1242 1755 1338 1823; x_wconf 86' lang='grc' dir='ltr'><em>τῆς</em></span> <span class='ocrx_word' id='word_1_155' title='bbox 1377 1750 1563 1808; x_wconf 80' lang='grc' dir='ltr'><em>αὑτῶν</em></span> <span class='ocrx_word' id='word_1_156' title='bbox 1600 1758 1792 1820; x_wconf 83' lang='grc' dir='ltr'><em>κακίας</em></span> <span class='ocrx_word' id='word_1_157' title='bbox 1828 1754 1960 1825; x_wconf 84' lang='grc' dir='ltr'><em>μετὰ</em></span> 
     </span>
     <span class='ocr_line' id='line_1_20' title="bbox 281 1835 1962 1912; baseline 0.002 -18"><span class='ocrx_word' id='word_1_158' title='bbox 281 1842 373 1910; x_wconf 80' lang='grc' dir='ltr'><em>τῆς</em></span> <span class='ocrx_word' id='word_1_159' title='bbox 418 1843 615 1911; x_wconf 82' lang='grc' dir='ltr'><em>ψυχῆς·</em></span> <span class='ocrx_word' id='word_1_160' title='bbox 662 1843 770 1895; x_wconf 92' lang='grc' dir='ltr'><em>νῦν</em></span> <span class='ocrx_word' id='word_1_161' title='bbox 827 1837 879 1894; x_wconf 88' lang='grc' dir='ltr'><em>δ’</em></span> <span class='ocrx_word' id='word_1_162' title='bbox 933 1837 1119 1910; x_wconf 85' lang='grc' dir='ltr'><em>ἐπειδὴ</em></span> <span class='ocrx_word' id='word_1_163' title='bbox 1169 1837 1455 1905; x_wconf 86' lang='grc' dir='ltr'><em>ἀθάνατος</em></span> <span class='ocrx_word' id='word_1_164' title='bbox 1500 1844 1757 1911; x_wconf 86' lang='grc' dir='ltr'><em>φαίνεται</em></span> <span class='ocrx_word' id='word_1_165' title='bbox 1803 1835 1962 1912; x_wconf 82' lang='grc' dir='ltr'><em>οὖσα,</em></span> 
     </span>
     <span class='ocr_line' id='line_1_21' title="bbox 230 1924 1962 2001; baseline 0.002 -20"><span class='ocrx_word' id='word_1_166' title='bbox 230 1937 267 1980; x_wconf 90' lang='lat' dir='ltr'><strong>D</strong></span> <span class='ocrx_word' id='word_1_167' title='bbox 286 1926 518 1999; x_wconf 79' lang='grc' dir='ltr'><em>οὐδεμία</em></span> <span class='ocrx_word' id='word_1_168' title='bbox 543 1924 614 1982; x_wconf 75' lang='grc' dir='ltr'><em>ἂν</em></span> <span class='ocrx_word' id='word_1_169' title='bbox 640 1934 723 1998; x_wconf 85' lang='grc' dir='ltr'><em>εἰή</em></span> <span class='ocrx_word' id='word_1_170' title='bbox 749 1925 888 2000; x_wconf 79' lang='grc' dir='ltr'><em>αὐτῇ</em></span> <span class='ocrx_word' id='word_1_171' title='bbox 914 1925 1052 1998; x_wconf 75' lang='grc' dir='ltr'><em>άλλη</em></span> <span class='ocrx_word' id='word_1_172' title='bbox 1079 1925 1341 1999; x_wconf 85' lang='grc' dir='ltr'><em>ἀποφυγὴ</em></span> <span class='ocrx_word' id='word_1_173' title='bbox 1374 1930 1558 1984; x_wconf 77' lang='grc' dir='ltr'><em>κακῶν</em></span> <span class='ocrx_word' id='word_1_174' title='bbox 1583 1927 1716 1984; x_wconf 78' lang='grc' dir='ltr'><em>οὐδὲ</em></span> <span class='ocrx_word' id='word_1_175' title='bbox 1750 1934 1758 1997; x_wconf 93' lang='grc' dir='ltr'>Ι</span> <span class='ocrx_word' id='word_1_176' title='bbox 1792 1946 1962 2001; x_wconf 84' lang='grc' dir='ltr'><em>σωτη-</em></span> 
     </span>
     <span class='ocr_line' id='line_1_22' title="bbox 278 2013 1962 2089; baseline 0.002 -19"><span class='ocrx_word' id='word_1_177' title='bbox 278 2019 370 2087; x_wconf 89' lang='grc' dir='ltr'><em>ρία</em></span> <span class='ocrx_word' id='word_1_178' title='bbox 401 2013 546 2086; x_wconf 86' lang='grc' dir='ltr'><em>πλὴν</em></span> <span class='ocrx_word' id='word_1_179' title='bbox 577 2018 678 2070; x_wconf 87' lang='grc' dir='ltr'><em>τοῦ</em></span> <span class='ocrx_word' id='word_1_180' title='bbox 712 2013 784 2080; x_wconf 80' lang='grc' dir='ltr'><em>ὡς</em></span> <span class='ocrx_word' id='word_1_181' title='bbox 815 2019 1103 2085; x_wconf 87' lang='grc' dir='ltr'><em>βελτίστην</em></span> <span class='ocrx_word' id='word_1_182' title='bbox 1135 2037 1193 2070; x_wconf 86' lang='grc' dir='ltr'><em>τε</em></span> <span class='ocrx_word' id='word_1_183' title='bbox 1222 2015 1314 2070; x_wconf 86' lang='grc' dir='ltr'><em>καὶ</em></span> <span class='ocrx_word' id='word_1_184' title='bbox 1348 2015 1776 2088; x_wconf 83' lang='grc' dir='ltr'><em>φρονιμωτάτην</em></span> <span class='ocrx_word' id='word_1_185' title='bbox 1813 2018 1962 2089; x_wconf 86' lang='grc' dir='ltr'><em>γενέ-</em></span> 
     </span>
     <span class='ocr_line' id='line_1_23' title="bbox 280 2100 1961 2178; baseline 0.001 -19"><span class='ocrx_word' id='word_1_186' title='bbox 280 2111 430 2160; x_wconf 89' lang='grc' dir='ltr'><em>σθαι.</em></span> <span class='ocrx_word' id='word_1_187' title='bbox 523 2101 691 2158; x_wconf 73' lang='grc' dir='ltr'><em>οὐδὲν</em></span> <span class='ocrx_word' id='word_1_188' title='bbox 745 2101 852 2174; x_wconf 81' lang='grc' dir='ltr'><em>γὰρ</em></span> <span class='ocrx_word' id='word_1_189' title='bbox 907 2101 1043 2158; x_wconf 72' lang='grc' dir='ltr'><em>ἄλλο</em></span> <span class='ocrx_word' id='word_1_190' title='bbox 1102 2106 1301 2174; x_wconf 83' lang='grc' dir='ltr'><em>ἔχουσα</em></span> <span class='ocrx_word' id='word_1_191' title='bbox 1357 2106 1433 2167; x_wconf 86' lang='grc' dir='ltr'><em>εἰς</em></span> <span class='ocrx_word' id='word_1_192' title='bbox 1477 2100 1673 2159; x_wconf 66' lang='grc' dir='ltr'><em>’Ἅιδου</em></span> <span class='ocrx_word' id='word_1_193' title='bbox 1724 2102 1759 2175; x_wconf 82' lang='grc' dir='ltr'>ἡ</span> <span class='ocrx_word' id='word_1_194' title='bbox 1813 2105 1961 2178; x_wconf 83' lang='grc' dir='ltr'><em>ψυχὴ</em></span> 
     </span>
     <span class='ocr_line' id='line_1_24' title="bbox 281 2187 1962 2264; baseline 0.001 -18"><span class='ocrx_word' id='word_1_195' title='bbox 281 2195 493 2264; x_wconf 83' lang='grc' dir='ltr'><em>ἔρχεται</em></span> <span class='ocrx_word' id='word_1_196' title='bbox 537 2189 683 2262; x_wconf 85' lang='grc' dir='ltr'><em>πλὴν</em></span> <span class='ocrx_word' id='word_1_197' title='bbox 727 2194 824 2261; x_wconf 85' lang='grc' dir='ltr'><em>τῆς</em></span> <span class='ocrx_word' id='word_1_198' title='bbox 869 2194 1120 2255; x_wconf 78' lang='grc' dir='ltr'><em>παιδείας</em></span> <span class='ocrx_word' id='word_1_199' title='bbox 1166 2211 1224 2245; x_wconf 88' lang='grc' dir='ltr'><em>τε</em></span> <span class='ocrx_word' id='word_1_200' title='bbox 1268 2189 1359 2244; x_wconf 88' lang='grc' dir='ltr'><em>καὶ</em></span> <span class='ocrx_word' id='word_1_201' title='bbox 1405 2193 1641 2262; x_wconf 86' lang='grc' dir='ltr'><em>τροφῆς,</em></span> <span class='ocrx_word' id='word_1_202' title='bbox 1681 2187 1716 2246; x_wconf 74' lang='grc' dir='ltr'><em>ἃ</em></span> <span class='ocrx_word' id='word_1_203' title='bbox 1764 2190 1833 2263; x_wconf 85' lang='grc' dir='ltr'><em>δὴ</em></span> <span class='ocrx_word' id='word_1_204' title='bbox 1870 2193 1962 2248; x_wconf 87' lang='grc' dir='ltr'><em>καὶ</em></span> 
     </span>
     <span class='ocr_line' id='line_1_25' title="bbox 280 2275 1962 2351; baseline 0.001 -17"><span class='ocrx_word' id='word_1_205' title='bbox 280 2279 505 2350; x_wconf 87' lang='grc' dir='ltr'><em>μέγιστα</em></span> <span class='ocrx_word' id='word_1_206' title='bbox 543 2279 756 2348; x_wconf 87' lang='grc' dir='ltr'><em>λέγεται</em></span> <span class='ocrx_word' id='word_1_207' title='bbox 797 2277 1034 2349; x_wconf 79' lang='grc' dir='ltr'><em>ὠφελεῖν</em></span> <span class='ocrx_word' id='word_1_208' title='bbox 1072 2275 1106 2349; x_wconf 81' lang='grc' dir='ltr'><em>ἢ</em></span> <span class='ocrx_word' id='word_1_209' title='bbox 1141 2277 1403 2348; x_wconf 88' lang='grc' dir='ltr'><em>βλάπτειν</em></span> <span class='ocrx_word' id='word_1_210' title='bbox 1434 2276 1535 2333; x_wconf 87' lang='grc' dir='ltr'><em>τὸν</em></span> <span class='ocrx_word' id='word_1_211' title='bbox 1566 2278 1962 2351; x_wconf 86' lang='grc' dir='ltr'><em>τελευτήσαντα</em></span> 
     </span>
     <span class='ocr_line' id='line_1_26' title="bbox 280 2363 1961 2437; baseline 0.001 -16"><span class='ocrx_word' id='word_1_212' title='bbox 280 2363 455 2430; x_wconf 80' lang='grc' dir='ltr'><em>εὐθὺς</em></span> <span class='ocrx_word' id='word_1_213' title='bbox 495 2366 555 2420; x_wconf 88' lang='grc' dir='ltr'><em>ἐν</em></span> <span class='ocrx_word' id='word_1_214' title='bbox 595 2364 737 2437; x_wconf 83' lang='grc' dir='ltr'><em>ἀρχῇ</em></span> <span class='ocrx_word' id='word_1_215' title='bbox 777 2369 874 2436; x_wconf 85' lang='grc' dir='ltr'><em>τῆς</em></span> <span class='ocrx_word' id='word_1_216' title='bbox 914 2368 1085 2421; x_wconf 84' lang='grc' dir='ltr'><em>ἐκεῖσε</em></span> <span class='ocrx_word' id='word_1_217' title='bbox 1116 2368 1354 2436; x_wconf 88' lang='grc' dir='ltr'><em>πορείας.</em></span> <span class='ocrx_word' id='word_1_218' title='bbox 1417 2365 1630 2435; x_wconf 85' lang='grc' dir='ltr'><em>λέγεται</em></span> <span class='ocrx_word' id='word_1_219' title='bbox 1670 2365 1731 2421; x_wconf 76' lang='grc' dir='ltr'><em>δὲ</em></span> <span class='ocrx_word' id='word_1_220' title='bbox 1771 2365 1961 2435; x_wconf 79' lang='grc' dir='ltr'><em>οὕτως,</em></span> 
     </span>
     <span class='ocr_line' id='line_1_27' title="bbox 280 2449 1962 2525; baseline 0 -15"><span class='ocrx_word' id='word_1_221' title='bbox 280 2451 355 2519; x_wconf 75' lang='grc' dir='ltr'><em>ὥς</em></span> <span class='ocrx_word' id='word_1_222' title='bbox 417 2451 525 2525; x_wconf 76' lang='grc' dir='ltr'><em>ἄρα</em></span> <span class='ocrx_word' id='word_1_223' title='bbox 585 2453 985 2524; x_wconf 87' lang='grc' dir='ltr'><em>τελευτήσαντα</em></span> <span class='ocrx_word' id='word_1_224' title='bbox 1047 2454 1278 2507; x_wconf 80' lang='grc' dir='ltr'><em>ἕκαστον</em></span> <span class='ocrx_word' id='word_1_225' title='bbox 1341 2449 1370 2507; x_wconf 92' lang='lat'><em>6</em></span> <span class='ocrx_word' id='word_1_226' title='bbox 1436 2451 1671 2508; x_wconf 81' lang='grc' dir='ltr'><em>ἑκάστου</em></span> <span class='ocrx_word' id='word_1_227' title='bbox 1731 2457 1962 2525; x_wconf 88' lang='grc' dir='ltr'><em>δαίμων,</em></span> 
     </span>
     <span class='ocr_line' id='line_1_28' title="bbox 283 2534 1961 2613; baseline 0.001 -16"><span class='ocrx_word' id='word_1_228' title='bbox 283 2539 454 2613; x_wconf 81' lang='grc' dir='ltr'><em>ὅσπερ</em></span> <span class='ocrx_word' id='word_1_229' title='bbox 510 2543 685 2607; x_wconf 75' lang='grc' dir='ltr'><em>ζῶντα</em></span> <span class='ocrx_word' id='word_1_230' title='bbox 740 2540 968 2613; x_wconf 84' lang='grc' dir='ltr'><em>εἰλήχει,</em></span> <span class='ocrx_word' id='word_1_231' title='bbox 1025 2534 1187 2605; x_wconf 83' lang='grc' dir='ltr'><em>οὗτος</em></span> <span class='ocrx_word' id='word_1_232' title='bbox 1243 2539 1400 2610; x_wconf 75' lang='grc' dir='ltr'><em>ἄγειν</em></span> <span class='ocrx_word' id='word_1_233' title='bbox 1457 2541 1718 2613; x_wconf 86' lang='grc' dir='ltr'><em>ἐπιχειρεῖ</em></span> <span class='ocrx_word' id='word_1_234' title='bbox 1765 2545 1843 2607; x_wconf 81' lang='grc' dir='ltr'><em>εἰς</em></span> <span class='ocrx_word' id='word_1_235' title='bbox 1892 2540 1961 2612; x_wconf 91' lang='grc' dir='ltr'><em>δή</em></span> 
     </span>
     <span class='ocr_line' id='line_1_29' title="bbox 279 2623 1963 2700; baseline 0 -16"><span class='ocrx_word' id='word_1_236' title='bbox 279 2650 405 2685; x_wconf 90' lang='grc' dir='ltr'><em>τινα</em></span> <span class='ocrx_word' id='word_1_237' title='bbox 443 2627 635 2698; x_wconf 86' lang='grc' dir='ltr'><em>τόπον,</em></span> <span class='ocrx_word' id='word_1_238' title='bbox 678 2623 736 2684; x_wconf 86' lang='grc' dir='ltr'><em>οἷ</em></span> <span class='ocrx_word' id='word_1_239' title='bbox 771 2632 860 2684; x_wconf 90' lang='grc' dir='ltr'><em>δεῖ</em></span> <span class='ocrx_word' id='word_1_240' title='bbox 893 2628 1025 2694; x_wconf 85' lang='grc' dir='ltr'><em>τοὺς</em></span> <span class='ocrx_word' id='word_1_241' title='bbox 1071 2629 1431 2698; x_wconf 72' lang='grc' dir='ltr'><em>συλλεγέντας</em></span> <span class='ocrx_word' id='word_1_242' title='bbox 1470 2629 1963 2700; x_wconf 88' lang='grc' dir='ltr'><em>διαδικασαμένους</em></span> 
     </span>
     <span class='ocr_line' id='line_1_30' title="bbox 282 2708 1961 2793; baseline -0.001 -20"><span class='ocrx_word' id='word_1_243' title='bbox 282 2720 359 2782; x_wconf 88' lang='grc' dir='ltr'><em>εἰς</em></span> <span class='ocrx_word' id='word_1_244' title='bbox 397 2715 595 2772; x_wconf 75' lang='grc' dir='ltr'><em>Ἅιδου</em></span> <span class='ocrx_word' id='word_1_245' title='bbox 632 2715 974 2788; x_wconf 84' lang='grc' dir='ltr'><em>πορεύεσθαι</em></span> <span class='ocrx_word' id='word_1_246' title='bbox 1020 2715 1150 2787; x_wconf 81' lang='grc' dir='ltr'><em>μετὰ</em></span> <span class='ocrx_word' id='word_1_247' title='bbox 1198 2714 1470 2786; x_wconf 83' lang='grc' dir='ltr'><em>ἡγεμόνος</em></span> <span class='ocrx_word' id='word_1_248' title='bbox 1518 2718 1755 2787; x_wconf 86' lang='grc' dir='ltr'><em>ἐκείνου,</em></span> <span class='ocrx_word' id='word_1_249' title='bbox 1801 2708 1846 2793; x_wconf 74' lang='grc' dir='ltr'><em>ᾧ</em></span> <span class='ocrx_word' id='word_1_250' title='bbox 1892 2714 1961 2786; x_wconf 85' lang='grc' dir='ltr'><em>δὴ</em></span> 
     </span>
     <span class='ocr_line' id='line_1_31' title="bbox 229 2801 1963 2879; baseline 0.001 -22"><span class='ocrx_word' id='word_1_251' title='bbox 229 2813 267 2857; x_wconf 91' lang='grc' dir='ltr'>Ε</span> <span class='ocrx_word' id='word_1_252' title='bbox 288 2806 294 2878; x_wconf 86' lang='grc' dir='ltr'>Ι</span> <span class='ocrx_word' id='word_1_253' title='bbox 315 2805 707 2879; x_wconf 84' lang='grc' dir='ltr'><em>προστέτακται</em></span> <span class='ocrx_word' id='word_1_254' title='bbox 748 2801 878 2868; x_wconf 81' lang='grc' dir='ltr'><em>τοὺς</em></span> <span class='ocrx_word' id='word_1_255' title='bbox 911 2805 1141 2858; x_wconf 85' lang='grc' dir='ltr'><em>ἐνθένδε</em></span> <span class='ocrx_word' id='word_1_256' title='bbox 1175 2806 1345 2858; x_wconf 87' lang='grc' dir='ltr'><em>ἐκεῖσε</em></span> <span class='ocrx_word' id='word_1_257' title='bbox 1375 2807 1657 2876; x_wconf 82' lang='grc' dir='ltr'><em>πορεῦσαι·</em></span> <span class='ocrx_word' id='word_1_258' title='bbox 1701 2802 1963 2875; x_wconf 86' lang='grc' dir='ltr'><em>τυχόντας</em></span> 
     </span>
    </p>
   </div>
  </div>
 </body>
</html>
