2020 3198
51 237 53 239 ,
82 197 138 235 43
759 190 1096 233 ΚΡΑΤΤΛΟΣ.
1651 185 1755 237 217

81 314 211 371 ἴσως
266 304 369 362 οὗν
420 307 590 377 λέγει,
646 309 826 378 ὥσπερ
881 307 951 361 ἂν
1004 309 1057 360 εἰ
1099 312 1242 360 εἴποι
1287 307 1758 375 πνευματόρρουν,

43 403 53 406 “
81 396 393 466 ἀητόρρουν
436 396 594 463 [ὅθεν
635 397 702 464 δὴ
742 398 998 464 βούλεται
1038 394 1207 448 αὐτὸν
1240 394 1413 456 οὕτως
1444 396 1635 461 εἰπεῖν,
1675 393 1759 446 ὅτι

81 482 229 536 ἐστὶν
286 483 430 553 ἀήρ]
515 486 614 537 τὸν
668 481 729 536 δὲ
783 482 981 553 αἰθέρα
1033 481 1168 552 τῇδέ
1211 500 1286 552 πῃ
1367 482 1757 550 ὑπολαμβάνω,

16 554 23 562 ⁸
84 570 168 622 ὅτι
217 569 301 623 ἀεὶ
345 576 444 624 θεῖ
485 570 609 642 περὶ
654 572 753 624 τὸν
799 569 931 640 ἀέρα
983 569 1124 640 ῥέων
1163 570 1390 640 ἀειθεὴρ
1430 571 1652 632 δικαίως
1690 568 1759 622 ἂν

79 661 314 711 καλοῖτο.
391 666 461 727 γῆ
511 656 571 712 δὲ
619 662 827 727 μᾶλλον
875 660 1125 727 σημαίνει
1165 657 1194 710 ὃ
1233 658 1506 725 βούλεται,
1545 656 1641 710 ἐάν
1677 677 1760 720 τις

81 754 246 812 γαῖαν
280 745 285 815 Ι
321 745 594 815 ὀνομάσῃ·
640 754 770 813 γαΐα
820 747 926 816 γὰρ
973 748 1294 815 γεννήτειρα
1342 743 1412 797 ἂν
1449 749 1533 812 εἴη
1574 744 1759 814 ὀρθῶς
1790 752 1824 798 C

81 831 400 902 κεκλημένη,
441 834 514 896 ὥς
553 847 726 902 φησιν
751 832 1012 904 Ὅμηρος·
1050 835 1111 887 τὸ
1144 835 1248 903 γὰρ
1280 833 1544 900 γεγάασιν
1574 851 1761 899 γεγεν-

82 923 291 987 νῆσθαι
336 919 495 988 λέγει.
573 916 707 973 εἷεν·
752 922 811 972 τί
852 917 955 973 οὗν
998 919 1131 989 ἡμῖν
1175 916 1246 987 ἦν
1292 921 1354 972 τὸ
1400 919 1533 987 μετὰ
1570 926 1757 983 τοῦτο;

228 1008 391 1060 ΕΡΜ.
436 1000 614 1078 Ὧραι,
654 1004 696 1060 ὦ
737 1008 1050 1075 Σώκρατες,
1089 1006 1181 1060 καὶ
1213 1006 1460 1069 ἐνιαυτὸς
1496 1005 1589 1059 καὶ
1627 1009 1759 1069 ἔτος.

230 1093 346 1147 ΣΩ.
407 1096 489 1147 Αἰ
530 1092 630 1164 μὲν
677 1096 745 1162 δὴ
794 1090 932 1165 ὧραι
971 1093 1258 1147 Ἀττικιστὶ
1298 1095 1372 1157 ὡς
1415 1095 1477 1147 τὸ
1524 1095 1761 1147 παλαιὸν

83 1181 302 1251 ῥητέον,
350 1188 501 1252 εἴπερ
549 1182 737 1250 βούλει
781 1183 844 1234 τὸ
884 1183 1028 1244 εἰκὸς
1073 1181 1301 1235 εἰδέναι·
1348 1182 1472 1252 ὅραι
1509 1183 1615 1251 γάρ
1654 1183 1762 1234 εἰσι

86 1271 178 1322 διὰ
232 1271 294 1323 τὸ
350 1270 552 1340 ὁρίζειν
605 1270 875 1339 χειμῶνάς
919 1289 976 1322 τε
1023 1268 1113 1322 καὶ
1157 1268 1298 1340 θέρη
1343 1268 1436 1322 καὶ
1479 1270 1762 1338 πνεύματα

83 1357 173 1411 καὶ
219 1361 349 1421 τοὺς
395 1361 639 1428 καρποὺς
684 1360 814 1420 τοὺς
859 1358 919 1411 ἐκ
962 1365 1058 1425 τῆς
1095 1365 1216 1426 γῆς·
1263 1357 1542 1427 ὁρίζουσαι
1581 1354 1642 1410 δὲ
1681 1358 1761 1410 δι-

82 1446 248 1508 καίως
287 1444 356 1498 ἂν
396 1446 520 1515 ὅραι
557 1450 828 1498 καλοῖντο.
869 1444 1115 1507 ἐνιαυτὸς
1156 1442 1216 1497 δὲ
1251 1443 1256 1515 Ι
1290 1443 1380 1498 καὶ
1419 1447 1538 1507 ἔτος
1573 1446 1761 1498 κινδυ-
1798 1443 1839 1488 D

83 1532 231 1585 νεύει
278 1531 339 1584 ἕν
383 1551 436 1584 τι
475 1529 630 1585 εἶναι.
706 1534 768 1585 τὸ
807 1534 912 1602 γὰρ
949 1534 1016 1584 τὰ
1057 1535 1308 1601 φυόμενα
1345 1531 1437 1585 καὶ
1474 1533 1540 1585 τὰ
1577 1535 1762 1600 γιγνό-

84 1638 219 1688 μενα
265 1618 326 1672 ἐν
371 1621 521 1690 μέρει
567 1620 797 1674 ἕκαστον
842 1621 1090 1690 προάγον
1128 1622 1205 1683 εἰς
1243 1630 1362 1689 φῶς
1398 1619 1491 1673 καὶ
1529 1620 1662 1673 αὐτὸ
1701 1620 1762 1674 ἐν

85 1706 231 1778 αὑτῷ
272 1706 535 1775 ἐξετάζον,
574 1714 764 1773 τοῦτο,
805 1706 985 1776 ὥσπερ
1025 1705 1086 1758 ἐν
1122 1715 1238 1768 τοῖς
1275 1708 1524 1776 πρόσθεν
1559 1708 1621 1759 τὸ
1661 1713 1761 1759 τοῦ

85 1795 223 1857 Διὸς
262 1796 436 1863 ὄνομα
477 1795 602 1862 δίχα
642 1792 976 1863 διῃρημένον
1016 1794 1074 1846 oc
1107 1791 1207 1862 μὲν
1247 1797 1416 1861 Ζῆνα,
1458 1794 1516 1847 οἱ
1550 1791 1610 1846 δὲ
1649 1797 1762 1847 Δία

85 1880 342 1949 ἐκάλουν,
391 1881 534 1934 οὕτω
580 1880 673 1933 καὶ
719 1880 962 1933 ἐνταῦθα
1008 1881 1066 1933 οἱ
1107 1879 1207 1949 μὲν
1253 1881 1532 1949 ἐνιαυτόν,
1579 1883 1663 1935 ὅτι
1702 1882 1763 1935 ἐν

85 1968 284 2042 ἑαυτῷ,
333 1969 391 2022 οἷ
426 1965 486 2020 δὲ
525 1969 669 2035 ἔτος,
718 1968 802 2020 ὅτι
840 1967 1032 2032 ἐτάζει·
1079 1968 1108 2021 ὁ
1149 1966 1209 2022 δὲ
1248 1970 1375 2032 ὅλος
1412 1972 1575 2037 λόγος
1614 1968 1763 2022 ἐστὶν

84 2057 145 2109 τὸ
185 2056 245 2109 ἐν
284 2057 430 2128 αὑτῷ
472 2055 660 2119 ἐτάζον
689 2063 854 2109 τοῦτο
885 2058 1398 2126 προσαγορεύεσθαι
1428 2058 1490 2110 ἓν
1522 2057 1586 2110 ὂν
1619 2059 1762 2126 δίχα,

87 2145 226 2196 ὥστε
267 2145 368 2196 δύο
409 2143 650 2212 ὀνόματα
687 2142 993 2211 γεγονέναι,
1034 2143 1286 2197 ἐνιαυτόν
1323 2164 1380 2197 τε
1411 2144 1502 2198 καὶ
1533 2147 1668 2213 ἔτος,
1709 2144 1762 2208 ἐξ

86 2230 208 2294 ἑνὸς
242 2230 248 2302 Ι
283 2233 468 2297 λόγου.
1796 2235 1830 2279 Ε

232 2318 396 2371 ΕΡΜ.
453 2315 615 2370 Ἀλλὰ
661 2320 820 2387 δῆτα,
869 2316 911 2371 ὦ
951 2319 1264 2387 Σώκρατες,
1310 2321 1453 2372 πολὺ
1493 2319 1762 2382 ἐπιδίδως.

235 2405 349 2458 ΣΩ.
387 2409 591 2476 Πόρρω
622 2407 747 2474 ἤδη,
782 2404 950 2475 οἶμαι,
983 2409 1250 2474 φαίνομαι
1275 2409 1474 2475 σοφίας
1498 2407 1763 2460 ἐλαύνειν.

232 2492 395 2545 ΕΡΜ.
460 2495 623 2546 Πάνυ
662 2491 761 2562 μὲν
801 2489 917 2546 οὗν.

235 2578 350 2631 ΣΩ.
419 2581 566 2648 Τάχα
607 2569 814 2649 μάλλον
845 2583 1054 2650 φήσεις.

239 2665 467 2737 ΙΧΧἯ.
528 2666 691 2721 ΕΡΜ.
747 2667 909 2721 Ἀλλὰ
948 2671 1079 2737 μετὰ
1117 2677 1279 2723 τοῦτο
1318 2670 1379 2722 τὸ
1419 2666 1566 2731 εἶδος
1597 2671 1764 2736 ἔγωγε
1797 2687 1880 2727 411

88 2750 262 2819 ἡδέως
315 2752 384 2805 ἂν
436 2756 746 2822 θεασαίμην
798 2763 968 2808 ταῦτα
1019 2757 1086 2807 τὰ
1138 2757 1276 2808 καλὰ
1332 2757 1596 2824 ὀνόματα,
1657 2758 1767 2808 τίνι

89 2836 218 2891 ποτε
258 2840 520 2909 ὀρθότητι
558 2849 754 2907 κεῖται,
801 2843 867 2893 τὰ
905 2840 1029 2910 περὶ
1066 2842 1167 2909 τὴν
1208 2842 1430 2911 ἀρετήν,
1471 2836 1592 2895 οἷον
1631 2844 1766 2912 φρό-
