2020 3198
801 153 1041 197 ΦΑΙΔΩΝ.
1657 153 1763 206 115

33 297 38 300 ·
80 274 112 325 ὁ
151 269 358 341 Κέβης·
401 268 559 327 Ἧθεν
599 270 661 327 δὲ
699 269 1052 341 ἀπελίπομεν,
1087 269 1096 343 Ι
1131 272 1547 342 ἐπανέλθωμεν,
1586 278 1640 327 εἰ·
1675 283 1821 327 σοιΒ

28 405 39 408 -
79 353 334 433 ἡδομένῳ
391 359 576 414 ἐστίν.’
665 355 824 412 ‘omae
879 355 990 428 μὴν
1042 355 1298 433 ἡδομένῳ
1349 378 1435 430 γε·
1488 362 1604 426 πῶς
1654 357 1762 430 γὰρ

80 444 149 501 οὐ
189 447 372 517 μέλλει
383 447 419 512 ;'
460 446 696 515 (καλῶςξ
736 448 860 515 ἔφη,
902 445 1128 515 (λέγεις’

225 534 392 589 XXV.
447 531 696 588 Ὅύκοῦν
733 532 956 588 τοιόνδε
993 534 1084 603 τι,’
1123 525 1159 604 ἦ
1192 532 1247 589 δ’
1285 530 1346 600 ὃς
1378 532 1407 590 ὁ
1441 533 1762 607 Σωκράτης,

81 621 190 676 ’δεῖ
229 617 373 691 ἡμᾶς
419 621 647 694 ἐρέσθαι
693 619 949 691 ἑαυτούς,
995 624 1072 694 τῷ
1120 625 1261 696 ποίῳ
1299 621 1412 677 τινὶ
1450 620 1558 694 ἄρα
1595 638 1764 695 προσ-

78 706 201 779 ἥκει
229 710 394 764 τοῦτο
424 707 488 764 τὸ
520 708 705 774 πάθος
734 707 982 781 πάσχειν,
1012 707 1076 765 τὸ
1108 708 1640 780 διασκεδάννυσθαι,
1670 709 1763 765 καὶ

78 793 216 868 ὑπὲρ
269 799 372 852 τοῦ
425 801 592 853 ποίου
645 795 797 863 τινὸς
844 798 1090 852 δεδιέναι
1135 795 1209 869 μὴ
1256 797 1407 871 πάθῃ
1455 796 1617 869 αὐτό,
1669 797 1763 853 καὶ

78 886 155 957 τῷ
200 889 340 958 ποίῳ
386 884 499 940 τινὶ
546 883 638 941 οὔ·
683 885 777 941 καὶ
822 884 955 956 μετὰ
1000 886 1166 941 τοῦτο
1220 878 1292 940 αὖ
1340 887 1762 957 ἐπισκέψασθαι,

78 971 314 1046 πότερον
352 971 387 1044 ἡ
426 973 575 1046 ψυχή
615 976 789 1045 ἐστιν,
836 974 930 1029 καὶ
969 976 1028 1029 ἐκ
1071 972 1287 1029 τούτων
1324 981 1563 1047 θαρρεῖν
1598 971 1636 1045 ἢ
1678 978 1763 1031 δε-

81 1059 260 1116 διέναι
296 1059 435 1133 ὑπὲρ
473 1064 570 1131 τῆς
614 1058 879 1134 ἡμετέρας
924 1063 1149 1133 ψυχῆς;’
1197 1059 1447 1132 *ἀληθῆξ
1489 1066 1593 1134 ἔφη
1604 1104 1620 1131 ,
1660 1062 1763 1118 ‘Ze'-

78 1149 226 1219 γεις.’
303 1141 413 1220 εἆρ’
457 1142 563 1204 οὖν
608 1152 684 1224 τῷ
731 1149 832 1220 μὲν
880 1149 1204 1205 συντεθέντι
1244 1170 1303 1205 τε
1339 1150 1432 1204 καὶ
1466 1150 1474 1223 Ι
1509 1151 1760 1225 συνθέτῳ
1779 1163 1814 1209 0

81 1234 203 1291 ὄντι
233 1234 401 1306 φύσει
431 1235 695 1308 προσήκει
725 1239 888 1293 τοῦτο
918 1236 1169 1308 πάσχειν,
1205 1240 1561 1309 διαιρεθῆναι
1589 1237 1760 1311 ταύτῃ

80 1316 218 1396 ᾗπερ
251 1323 544 1394 συνετέθη·
575 1326 627 1379 εἰ
657 1324 723 1379 δέ
747 1344 801 1378 τι
830 1323 1092 1395 τυγχάνει
1123 1320 1192 1380 ὂν
1224 1323 1553 1396 άξύνθετον,
1584 1325 1762 1400 τούτῳ

81 1410 236 1486 μόνῳ
282 1410 547 1484 προσήκει
592 1411 667 1483 μὴ
712 1411 944 1484 πάσχειν
994 1415 1192 1483 ταῦτα,
1248 1418 1397 1484 εἴπερ
1443 1433 1519 1487 τῳ
1567 1411 1761 1488 ἅλλῳ;’

83 1501 259 1554 *δοκεῖ
299 1499 439 1570 μοι,’
495 1502 626 1570 ἔφη,
682 1497 877 1566 ὀὕτως
930 1501 1120 1572 ἔχειν,’
1176 1497 1207 1556 ὁ
1258 1500 1455 1570 Κέβης.
1522 1499 1762 1556 ὀὐκοῦν

30 1649 35 1652 ,
83 1584 219 1658 ἅπερ
259 1583 345 1642 ἀεὶ
373 1584 510 1642 κατὰ
540 1584 713 1642 ταύτὰ
743 1588 835 1642 καὶ
868 1585 1132 1653 ὡσαύτως
1163 1591 1289 1659 ἔχει,
1324 1590 1498 1643 ταῦτα
1529 1587 1764 1659 μάλιστα

83 1672 230 1739 εἰκὸς
281 1671 424 1730 εἶναι
474 1672 541 1730 τὰ
595 1673 896 1746 ἄξύνθετα,
958 1674 1024 1730 τὰ
1080 1676 1142 1731 δὲ
1195 1672 1382 1731 ἄλλοτ’
1438 1674 1618 1741 ἄλλως
1670 1677 1763 1731 καὶ

82 1762 352 1834 μηδέποτε
394 1760 532 1818 κατὰ
578 1761 778 1833 ταύτά,
831 1766 1002 1818 ταῦτα
1057 1763 1119 1819 δὲ
1165 1761 1309 1818 εἶναι
1353 1762 1419 1818 τὰ
1469 1762 1715 1819 σύνθετα
1727 1765 1762 1831 ;’

84 1855 288 1924 Ἔμοιγε
341 1855 497 1909 δοκεῖ
547 1849 754 1916 οὕτως’
832 1852 1020 1921 (ἴωμεν
1067 1850 1136 1922 δή
1149 1852 1184 1920 ,’
1232 1855 1364 1922 ἔφη,
1420 1851 1526 1906 ’ἐπὶ
1571 1855 1762 1923 ταῦτα,

84 1940 171 2012 ἐφ’
216 1940 353 2013 ἅπερ
394 1941 455 1996 ἐν
493 1942 568 2014 τῷ
616 1943 933 2011 ἔμπροσθεν
979 1937 1143 2013 λόγῳ.
1220 1936 1358 2009 αὐτὴ
1405 1936 1439 2010 ἡ
1489 1937 1652 1995 οὐσία
1697 1933 1763 2011 ἧς

84 2029 254 2100 λόγον
288 2029 298 2103 Ι
332 2031 560 2099 δίδομεν
603 2029 705 2082 τοῦ
753 2024 895 2082 εἶναι
934 2027 1026 2081 καὶ
1066 2029 1373 2099 ἐρωτῶντες
1409 2026 1500 2081 καὶ
1540 2025 1818 2100 άποκρι-Ι)

83 2117 339 2188 νόμενοι,
401 2115 636 2188 πότερον
691 2112 951 2180 ὡσαύτως
1004 2112 1090 2170 ἀεὶ
1144 2118 1253 2186 ἔχει
1310 2114 1446 2169 κατὰ
1500 2113 1670 2170 ταύτὰ
1726 2112 1760 2186 ἢ

85 2201 269 2260 ἄλλοτ’
321 2202 524 2270 &Meos-3
579 2200 715 2258 αὐτὸ
767 2200 829 2257 τὸ
879 2209 1028 2272 ἴσον,
1083 2200 1216 2257 αὐτὸ
1262 2199 1326 2257 τὸ
1370 2201 1568 2273 καλόν,
1603 2201 1760 2258 ,αὐτὸ

86 2294 334 2363 ἕκαστον,
373 2289 404 2348 ὂ
445 2294 619 2362 ἔστιν,
665 2288 728 2346 τὸ
769 2289 861 2361 ὅν,
909 2290 983 2362 μή
1022 2308 1151 2346 ποτε
1189 2288 1499 2362 μεταβολὴν
1537 2290 1630 2346 καὶ
1666 2289 1762 2362 ἡν-

84 2383 279 2436 τινοῦν
318 2379 618 2452 ἐνδέχεται;
656 2375 692 2449 ἢ
733 2376 819 2434 ἀεὶ
857 2376 1042 2434 αὐτῶν
1074 2378 1322 2448 ἕκαστον,
1362 2375 1393 2433 ὂ
1426 2381 1557 2447 ἔστι,
1596 2399 1762 2449 μονο-

23 2476 26 2478 ’
86 2467 227 2532 ειδὲς
265 2463 333 2523 ὂν
380 2464 522 2522 αύτὸ
567 2463 699 2521 καθ’
743 2463 906 2536 αὑτό,
955 2463 1216 2531 ὡσαύτως
1259 2464 1395 2521 κατὰ
1442 2464 1613 2521 ταύτὰ
1654 2469 1762 2537 ἔχει

86 2555 179 2611 καὶ
233 2552 497 2610 οὐδέποτε
551 2551 767 2627 οὐδαμῇ
831 2551 1087 2624 οὐδαμῶς
1141 2551 1440 2609 ἀλλοίωσιν
1495 2551 1762 2624 οὐδεμίαν

88 2642 410 2714 ἐνδέχεται;’
452 2638 778 2711 (ὡσαύτωςξ
819 2644 944 2712 ἔφη,
984 2639 1256 2711 “άνάγκη,’
1296 2638 1325 2696 ὅ
1367 2641 1567 2711 Κέβης,
1608 2640 1762 2696 εςκατόε

86 2726 258 2785 ταύτὰ
307 2732 476 2799 ἔχειν,
523 2720 567 2782 ῶ
614 2727 940 2800 Σώκρατες’
1015 2729 1090 2782 ετί
1132 2727 1194 2784 δὲ
1238 2730 1350 2783 τῶν
1388 2731 1609 2784 πολλῶν
1650 2733 1761 2797 [κα-

87 2819 253 2888 λῶν],
306 2810 427 2871 οἷον
466 2811 784 2886 ἀνθρώπων
822 2812 857 2886 ἢ
897 2817 1079 2870 ἵππων
1116 2811 1152 2885 ἢ
1187 2813 1196 2887 Ι
1231 2816 1461 2885 ἱματίων
1500 2812 1534 2885 ἢ
1575 2814 1811 2870 ἅλλωνΕ

1435 2902 1493 2946 8*
