2020 3198
279 168 389 223 222
923 170 1261 213 ΠΑΑΤΩΝΟΣ
1903 177 1963 218 48
2018 175 2019 178 ’

277 289 546 358 ὀνόματος
575 295 671 357 τῆς
703 288 976 360 ἀνδρείας,
1009 289 1143 343 αὐτὸ
1176 289 1374 359 μηνύει
1405 291 1466 343 τὸ
1499 291 1663 359 ε”ργον
1693 291 1754 344 τὸ
1787 291 1985 359 ὄνομα.

276 377 312 446 ἡ
353 377 557 448 ἀνρεία.
621 378 793 445 δῆλον
832 372 935 430 οὖν
975 377 1058 430 ὅτι
1097 377 1166 430 οὐ
1204 377 1351 447 πάσῃ
1391 376 1493 448 ῥοῇ
1531 377 1565 445 ἡ
1599 376 1820 432 ἐναντία
1859 379 1960 449 ῥοὴ

158 467 248 510 414
280 464 507 536 ἀνδρεία
546 464 719 534 ἐστίν,
760 465 897 519 ἀλλὰ
935 471 1000 535 τῇ
1040 466 1186 535 παρὰ
1224 467 1286 518 τὸ
1328 466 1544 518 δίκαιον
1583 466 1811 537 ῥεούσῃ·
1853 465 1860 536 Ι
1895 453 1991 520 οὔ·

276 554 383 624 γὰρ
422 551 492 606 ἂν
523 552 773 623 ἐπῃνεῖτο
813 553 847 621 ἡ
881 553 1121 624 ἀνδρεία.
1198 551 1291 606 καὶ
1321 554 1382 606 τὸ
1415 554 1583 624 ἄρρεν
1621 553 1712 607 καὶ
1751 553 1781 607 ὁ
1822 553 1986 624 ἀνὴρ

277 639 368 694 ἐπὶ
397 642 756 713 παραπλησίῳ
788 639 899 694 τινὶ
929 641 1105 713 τούτῳ
1138 639 1277 708 ἐστί,
1309 646 1375 709 τῇ
1409 640 1523 694 ἄνω
1555 640 1672 711 ῥοῇ.
1726 642 1868 709 γυνὴ
1901 638 1964 694 δὲ

276 730 414 796 γονή
446 747 540 797 μοι
575 730 828 797 φαίνεται
852 729 1157 797 βούλεσθαι
1182 723 1338 781 εἶναι.
1385 730 1447 782 τὸ
1474 725 1534 781 δὲ
1558 733 1709 798 θῆλυ
1733 729 1839 782 ἀπὸ
1869 735 1966 797 τῆς

275 820 454 884 θηλῆς
484 835 537 869 τι
568 818 824 885 φαίνεται
855 816 1271 886 ἐπωνομάσθαι·
1312 815 1347 884 ἡ
1386 813 1446 869 δὲ
1476 818 1624 885 θηλὴ
1657 812 1763 887 ἆρά
1800 836 1880 884 γε,
1920 813 1964 869 ὦ

269 900 614 975 Ἑρμόγενες,
663 904 749 957 ὅτι
785 903 1078 972 τεθηλέναι
1115 911 1286 971 ποιεῖ,
1335 903 1517 975 ὥσπερ
1555 905 1622 957 τὰ
1661 904 1963 975 ἄρδόμενα;

423 991 589 1045 ΕΡΜ.
636 990 854 1045 ’Έοικέν
891 1011 978 1059 γε,
1020 987 1062 1044 ὦ
1102 992 1407 1062 Σώκρατες.

428 1078 543 1132 ΣΩ.
620 1078 730 1132 Καὶ
783 1080 893 1149 μὴν
957 1079 1091 1132 αὐτό
1142 1098 1206 1147 γε
1255 1080 1318 1133 τὸ
1367 1080 1599 1135 θάλλειν
1640 1082 1742 1150 τὴν
1793 1081 1968 1149 αὔξην

277 1188 371 1237 μοι
425 1169 581 1221 δοκεῖ
633 1167 940 1232 ἀπεικάζειν
985 1168 1088 1235 τὴν
1132 1176 1246 1220 τῶν
1290 1166 1458 1237 νέων,
1514 1168 1599 1222 ὅτι
1642 1176 1829 1238 ταχεῖα
1873 1167 1968 1222 καὶ

208 1269 244 1312 Β
279 1255 590 1325 ἐξαιφνιδία
627 1258 887 1324 γίγνεται.
951 1248 1176 1325 οἷόνπερ
1216 1249 1320 1308 οὗν
1354 1255 1361 1323 Ι
1396 1257 1689 1324 μεμίμηται
1726 1262 1802 1328 τῷ
1823 1255 1966 1327 ,ὀνό-

279 1363 425 1412 ματι,
458 1346 810 1415 συναρμόσας
841 1343 946 1397 ἀπὸ
977 1350 1077 1396 τοῦ
1109 1347 1238 1396 θεῖν
1268 1341 1359 1396 καὶ
1391 1343 1659 1397 ἅλλεσθαι
1688 1344 1750 1396 τὸ
1776 1344 1966 1411 ὄνομα.

279 1427 399 1485 ἀλλ’
445 1432 512 1485 οὐ
549 1433 655 1502 γὰρ
696 1431 1007 1493 ἐπισκοπεῖς
1045 1450 1110 1500 με
1151 1431 1333 1501 ὥσπερ
1374 1430 1525 1494 ἐκτὸς
1558 1432 1769 1502 δρόμου
1801 1433 1966 1501 φερό-

279 1538 473 1588 μενον,
521 1518 743 1572 ἐπειδὰν
790 1521 943 1572 λείου
991 1518 1357 1587 ἐπιλάβωμαι·
1403 1520 1567 1572 λοιπὰ
1615 1516 1675 1572 δὲ
1714 1518 1847 1589 ἡμῖν
1885 1520 1966 1572 ἔτι

279 1607 455 1677 συχνά
495 1605 609 1660 ἐστι
646 1614 758 1659 τῶν
797 1606 1115 1659 δοκούντων
1155 1605 1476 1659 σπουδαίων
1516 1602 1672 1659 εἶναι.

427 1694 591 1749 ΕΡΜ.
648 1692 855 1762 Ἀληθῆ
896 1692 1083 1761 λέγεις.

431 1781 546 1835 Σῼ.
600 1775 699 1835 Ὧν
744 1777 795 1850 γ’
839 1783 988 1835 ἔστιν
1027 1782 1088 1835 ἓν
1127 1779 1218 1834 καὶ
1255 1779 1455 1849 τέχνην
1495 1782 1662 1850 ἰδεῖν,
1711 1782 1795 1835 ὅτι
1834 1778 1966 1836 ποτὲ

279 1872 535 1941 βούλεται
575 1866 732 1923 εἶναι.

428 1957 592 2013 ΕΡΜ.
657 1958 820 2010 Πάνυ
859 1954 960 2026 μὲν
998 1951 1117 2011 οὖν.

431 2045 547 2100 ΣΩ.
598 2046 821 2099 Οὐκοῦν
859 2046 1022 2098 τοῦτό
1060 2064 1123 2112 γε
1162 2042 1276 2109 ἕξιν
1315 2051 1419 2097 νοῦ
1459 2044 1731 2112 σημαίνει,
1770 2043 1830 2096 τὸ
1863 2040 1968 2112 μὲν

214 2145 247 2190 C
279 2142 382 2189 ταῦ
422 2134 703 2204 ἀφελόντι,
743 2131 1035 2201 ἐμβαλόντι
1075 2127 1136 2185 δὲ
1174 2132 1234 2184 τὸ
1275 2125 1342 2184 οὗ
1381 2131 1579 2199 μεταξὺ
1617 2136 1717 2183 τοῦ
1752 2137 1812 2198 χῖ
1838 2128 1965 2202 καὶῙ

280 2230 381 2277 τοῦ
420 2230 490 2275 νῦ
529 2220 620 2276 καὶ
658 2228 758 2274 τοῦ
798 2216 923 2288 ἧτα;

428 2310 593 2364 ΕΡΜ.
658 2308 767 2362 Καὶ
806 2310 950 2377 μάλα
987 2328 1049 2375 γε
1088 2309 1377 2378 γλίσχρως,
1417 2303 1460 2360 ὦ
1500 2306 1803 2376 Σώκρατες.

431 2397 546 2451 ΣΩ.
610 2389 675 2449 Ὦ
720 2396 973 2466 μακάριε,
1020 2395 1123 2448 οὐκ
1169 2391 1319 2447 οἷσθ’
1365 2393 1449 2445 ὅτι
1498 2395 1564 2444 τὰ
1610 2400 1796 2461 πρῶτα
1843 2390 1968 2444 ὀνό-

282 2505 422 2556 ματα
461 2482 691 2538 τεθέντα
729 2482 1131 2551 κατακέχωσται
1168 2482 1274 2548 ἤδη
1314 2480 1421 2533 ὑπὸ
1461 2487 1571 2532 τῶν
1610 2477 1969 2547 βουλομένων
2009 2472 2011 2474 ’

282 2574 587 2646 τραγῳδεῖν
649 2571 813 2637 αὐτά,
870 2566 1268 2639 περιτιθέντων
1334 2568 1623 2637 γράμματα
1684 2564 1775 2619 καὶ
1828 2564 1966 2630 ἐξαι-

284 2663 534 2733 ρούντων
575 2659 863 2727 εὐστομίας
903 2656 1060 2711 ἕνεκα
1092 2654 1183 2709 καὶ
1214 2662 1461 2725 πανταχῇ
1498 2656 1849 2725 στρεφόντων
1875 2650 1967 2705 καὶ

285 2749 389 2804 ὑπὸ
429 2753 818 2817 καλλωπισμοῦ
856 2744 947 2799 καὶ
985 2745 1091 2798 ὑπὸ
1131 2745 1354 2814 χρόνου.
1420 2741 1538 2797 ἐπεὶ
1571 2741 1631 2795 ἐν
1662 2749 1736 2814 τῷ
1769 2742 1966 2821 κατόπ-

283 2857 393 2911 τρῳ
442 2837 509 2891 οὐ
557 2838 723 2901 δοκεῖμ
761 2849 849 2888 σοι
897 2835 1103 2887 ἄτοπον
1160 2827 1307 2885 εἶναι
1367 2833 1428 2884 τὸ
1478 2830 1852 2899 ἐμβεβλῆσθαι
1903 2828 1968 2880 τὸ
