2020 3198
7 2572 27 2588 :
0 2123 31 2536 vzzwx-cmfflw
25 2044 31 2074 ¹.
29 1994 32 1998 ,
24 1930 29 1950 -
20 1843 22 1846 «
16 1612 20 1619 «

615 139 934 183 ΑΠΟΛΟΓΙΑ
963 139 1339 186 ΣΩΚΡΑΤΟΥΣ
1748 137 1818 190 29

140 254 311 327 λόγον
347 261 572 330 κρείττω
611 259 803 312 ποιῶν.
873 248 1048 325 οὗτοι,
1081 249 1123 312 ὦ
1157 255 1356 329 ἄνδρες
1383 254 1690 327 Ἀθηναῖοι,
1732 255 1739 329 Ι
1768 257 1872 312 ol'G

139 343 346 415 ταύτην
392 343 494 416 τὴν
540 343 732 416 φήμην
779 342 1306 414 κατασκεδάσαντες,
1355 346 1412 399 οἱ
1457 348 1639 400 δεινοί
1680 347 1822 399 εἰσίν

140 454 249 503 μου
279 431 601 506 κατήγοροι·
641 434 699 487 οἱ
724 430 831 504 γὰρ
865 430 1163 498 ἀκούοντες
1193 430 1461 504 ἡγοῦνται
1491 430 1621 497 τοὺς
1650 434 1823 486 ταῦτα

143 523 440 592 ζητοῦντας
499 518 632 577 οὐδὲ
679 518 852 586 θεοὺς
906 525 1164 592 νομίζειν.
1241 519 1424 576 ἔπειτά
1476 523 1616 575 εἰσιν
1668 511 1823 574 οὗτοι

143 609 200 662 oc
242 607 541 682 κατήγοροι
587 608 782 664 πολλοὶ
820 607 913 663 καὶ
958 608 1155 663 πολὺν,
1187 607 1394 681 χρόνον
1441 605 1548 678 ἤδη
1595 628 1825 678 κατηγο-

143 696 385 771 ρηκότες,
425 701 504 754 ἔτι
544 697 606 753 δὲ
642 697 735 752 καὶ
776 699 835 752 ἐν
874 695 1044 769 ταύτῃ
1083 699 1150 769 τῇ
1190 694 1376 770 ἡλικίᾳ
1407 696 1661 765 λέγοντες
1691 693 1828 768 πρὸς

142 786 310 859 ὑμᾶς,
374 788 436 843 ἐν
490 778 528 859 ᾗ
582 782 654 840 ἂν
708 785 944 856 μάλιστα
998 783 1349 840 ἐπιστεύσατε
1408 787 1601 850 παῖδες
1655 782 1826 855 ὅντες,

143 880 284 932 ἔνιοι
323 873 375 931 δ’
418 873 579 946 ὑμῶν
617 874 710 929 καὶ
748 874 1028 949 μειράκια,
1070 872 1312 947 ἀτεχνῶς
1352 873 1562 948 ἐρήμην
1599 895 1829 945 κατηγο-

143 967 374 1037 ροῦντες
419 962 875 1034 ἀπολογουμένου
922 961 1169 1029 οὐδενός.
1248 961 1278 1020 ὃ
1328 963 1390 1020 δὲ
1435 963 1661 1020 πάντων
1701 960 1829 1018 ἀλο-

143 1052 410 1124 γώτατον,
452 1050 536 1108 ὅτι
577 1051 710 1108 οὐδὲ
748 1051 814 1107 τὰ
857 1050 1104 1123 ὀνόματα
1144 1046 1268 1107 οἷόν
1306 1074 1365 1108 τε
1404 1050 1590 1108 αὐτῶν
1622 1053 1830 1108 εἰδέναι

143 1141 236 1198 καὶ
275 1144 474 1212 εἰπεῖν,
518 1142 523 1215 Ι
558 1140 701 1212 πλὴν
741 1147 796 1197 εἴ
835 1162 917 1206 τις
961 1138 1379 1215 κωμῳδιοποιὸς
1427 1141 1687 1213 τυγχάνει
1727 1141 1886 1199 ‹2'2'v‘D

147 1229 271 1287 ὅσοι
317 1231 380 1287 δὲ
429 1230 631 1305 φθόνῳ
678 1230 770 1285 καὶ
818 1232 1050 1302 διαβολῇ
1102 1228 1377 1302 χρώμενοι
1422 1227 1568 1300 ὑμᾶς
1617 1229 1829 1287 ἀνέπει-

143 1327 282 1390 θον,
331 1320 390 1374 οἱ
426 1317 487 1374 δὲ
531 1318 623 1373 καὶ
670 1316 830 1374 αὐτοὶ
875 1318 1226 1388 πεπεισμένοι
1271 1316 1478 1383 ἄλλους
1522 1323 1829 1391 πείθοντες,

147 1399 304 1462 οὗτοι
348 1405 572 1462 πάντων
619 1405 972 1478 ἀπορώτατοί
1012 1409 1176 1461 εἰσιν·
1232 1404 1364 1462 οὐδὲ
1413 1406 1520 1478 γὰρ
1568 1405 1830 1478 ἀναβιβά-

146 1501 356 1549 σασθαι
402 1487 527 1549 οἶόν
572 1492 620 1548 τ’
673 1493 823 1549 ἐστὶν
875 1490 1061 1548 αὐτῶν
1118 1494 1390 1548 ἐνταυθοῖ
1443 1491 1568 1549 οὐδ’
1619 1497 1830 1567 ἐλέγξαι

147 1581 376 1652 οὐδένα,
417 1578 537 1649 ἀλλ’
581 1577 792 1652 ἀνάγκη
833 1580 1072 1653 ἀτεχνῶς
1112 1580 1294 1654 ὥσπερ
1336 1594 1659 1655 σκιαμαχεῖν
1698 1583 1831 1641 ἀπο-

146 1668 493 1741 λογούμενόν
539 1690 597 1724 τε
640 1669 733 1724 καὶ
789 1670 1029 1740 ἐλέγχειν
1084 1668 1323 1740 μηδενὸς
1372 1669 1830 1743 ἀποκρινομένου.

147 1758 412 1827 ἀξιώσατε
463 1751 567 1814 οὖν
619 1758 729 1834 καὶ,
764 1756 945 1829 ὑμεῖς,
1003 1756 1185 1829 ὥσπερ
1237 1756 1342 1828 ἐγώ
1391 1760 1558 1830 λέγω,
1614 1759 1832 1826 διττούς

147 1869 256 1919 μου
306 1845 440 1911 τοὺς
491 1867 832 1918 κατηγορους
884 1847 1200 1917 γεγονέναι,
1267 1846 1489 1917 ἑτέρους
1543 1846 1644 1918 μὲν
1701 1846 1832 1913 τοὺς

147 1934 272 2008 ἄρτι
324 1933 834 2006 κατηγορήσαντας,
889 1934 1108 2005 ἑτέρους
1161 1932 1224 1988 δὲ
1258 1934 1264 2004 Ι
1297 1931 1432 1997 τοὺς
1484 1933 1679 2004 πάλαι,
1735 1932 1885 2000 οὓςΕ

148 2023 255 2094 ἐγὼ
295 2023 453 2092 λέγω,
492 2021 584 2076 καὶ
623 2020 853 2092 οἰήθητε
893 2025 1012 2076 δεῖν
1051 2018 1188 2092 πρὸς
1229 2022 1473 2086 ἐκείνους
1511 2021 1735 2093 πρῶτόν
1766 2045 1831 2094 με

149 2108 629 2180 ἀπολογήσασθαι·
659 2108 752 2162 καὶ
783 2107 890 2179 γὰρ
922 2106 1079 2178 ὑμεῖς
1110 2109 1338 2163 ἐκείνων
1369 2107 1643 2181 πρότερον
1667 2107 1831 2181 ἠκού-

149 2214 278 2254 σατε
322 2195 783 2268 κατηγορούντων
828 2196 921 2250 καὶ
966 2195 1108 2251 πολὺ
1156 2199 1368 2266 μᾶλλον
1415 2193 1450 2267 ἢ
1497 2201 1675 2253 τῶνδε
1718 2201 1831 2254 τῶν

147 2283 397 2357 ὕστερον.
474 2282 606 2340 εἷεν’
647 2282 1021 2354 ἀπολογητέον
1063 2282 1158 2354 δή,
1200 2276 1242 2339 ὦ
1283 2281 1487 2356 ἄνδρες
1522 2282 1829 2357 Ἀθηναῖοι,

148 2372 240 2428 καὶ
281 2372 288 2446 Ι
324 2371 693 2444 ἐπιχειρητέον
730 2368 891 2441 ὑμῶν
938 2371 1220 2437 ἐξελέσθαι
1266 2368 1368 2442 τὴν
1416 2371 1712 2443 διαβολήν,
1758 2370 1830 2444 ἣν
1850 2394 1902 2435 19

149 2458 305 2531 ὑμεῖς
344 2461 404 2515 ἐν
441 2461 625 2534 πολλῷ
664 2458 847 2533 χρόνῳ
883 2463 1080 2530 ἔσχετε,
1118 2457 1326 2529 ταύτην
1359 2461 1419 2514 ἐν
1451 2458 1629 2525 οὕτως
1660 2457 1828 2535 ὀλίγῳ

150 2546 348 2621 χρόνῳ.
422 2549 728 2616 βουλοίμην
767 2545 869 2616 μὲν
902 2539 1007 2602 οὖν
1039 2542 1111 2600 ἂν
1141 2548 1306 2601 τοῦτο
1340 2544 1516 2611 οὕτως
1547 2547 1828 2617 γενέσθαι,

150 2640 205 2689 εἴ
250 2654 303 2688 τι
357 2631 587 2703 ἄμεινον
638 2632 731 2688 καὶ
783 2630 918 2704 ὑμῖν
967 2633 1061 2688 καὶ
1108 2635 1254 2703 ἐμοί,
1307 2632 1401 2687 καὶ
1448 2635 1616 2689 πλέον
1662 2639 1720 2689 τί
1765 2656 1830 2705 με

149 2723 377 2792 ποιῆσαι
415 2717 891 2791 ἀπολογούμενον·
933 2718 1085 2791 οἶμαι
1125 2720 1186 2776 δὲ
1226 2718 1361 2775 αὐτὸ
1394 2719 1635 2792 χαλεπὸν
1668 2718 1828 2791 εἶναι,

149 2808 242 2863 καὶ
289 2806 356 2863 οὐ
403 2805 551 2863 πάνυ
605 2829 671 2879 με
716 2807 990 2863 λανθάνει
1045 2802 1168 2864 οἷόν
1224 2810 1385 2863 ἐστιν.
1464 2806 1610 2878 ὅμως
1663 2811 1827 2863 τοῦτο
