2020 3198
279 164 316 214 4
943 168 1278 212 ΠΛΑΤΩΝΟΣ

425 289 522 333 ΣΩ.
588 287 750 351 Τίνα;

235 387 264 428 4
432 367 593 442 ΙΕΤΘ.
635 368 732 426 Ὃν
773 371 991 428 διώκων
1031 367 1103 430 αὖ
1144 377 1290 431 δοκῶ
1331 379 1644 446 μαίνεσθαι.

425 465 520 510 ΣΩ.
586 463 657 514 Τι’
692 461 778 527 δέ;
818 461 1125 533 πετόμενόν
1164 484 1289 518 τινα
1331 464 1577 532 &abnam

428 553 573 598 ΕΤΘ.
627 552 856 604 Πολλοῦ
903 571 965 616 γε
1012 553 1101 606 δεῖ
1142 551 1430 623 πέτεσθαι,
1489 550 1550 618 ὅς
1595 574 1658 624 γε
1705 551 1962 625 τυγχάνει

282 628 363 688 ὦν
403 627 467 689 εὖ
506 633 653 705 μάλα
690 636 1011 708 πρεσβύτης.

428 729 524 773 ΣΩ.
587 728 681 788 Τίς
724 718 912 792 οὖτος;

429 818 572 863 ΕΤΘ.
621 808 679 866 Ὁ
719 811 847 884 ἐμὸς
884 815 1077 886 πατήρ.

429 906 526 952 ΣΩ.
574 897 630 954 Ὁ
669 901 784 971 σός,
824 896 869 959 (ὅ
909 904 1177 973 βέλτιστε;

429 995 570 1040 ΕΤΘ.
637 989 805 1046 Πάνυ
842 991 944 1063 μὲν
984 986 1103 1049 οὖν.

429 1083 525 1126 ΣΩ.
566 1075 758 1134 ’Ἑστιν
805 1079 868 1135 δὲ
911 1084 971 1136 τί
1010 1080 1072 1136 τὸ
1121 1085 1362 1154 ἔγκλημα
1406 1082 1498 1138 καὶ
1544 1087 1696 1150 τίνος
1733 1081 1768 1155 ἡ
1810 1087 1962 1156 δίκης

431 1174 575 1217 ΕΤΘ.
636 1166 845 1238 Φόνου,
885 1161 930 1224 αἶ
970 1169 1277 1243 Σώκρατες.

429 1261 526 1305 ΣΩ.
574 1252 880 1327 Ἡράκλειςῑ
931 1251 967 1328 ἦ
1014 1277 1148 1328 που,
1198 1252 1241 1314 ὦ
1289 1257 1634 1332 Εὐθύφρον,
1682 1258 1964 1331 ἀγνοεῖται

282 1339 392 1396 ὑπὸ
414 1345 528 1397 τῶν
551 1348 793 1415 πολλῶν,
827 1344 932 1418 ὅπῃ
958 1346 1090 1402 ποτὲ
1121 1345 1309 1418 ὀρθῶς
1340 1352 1462 1419 ἔχει.
1503 1347 1572 1405 οὐ
1594 1347 1700 1422 γὰρ
1726 1346 1885 1420 οἶμαί
1902 1371 1964 1421 γε

231 1431 386 1484 Βτοῦ
418 1430 771 1503 ἐπιτυχόντος
799 1431 989 1505 ιὀρθῶς
1020 1433 1156 1491 αὐτὸ
1195 1437 1414 1508 πρᾶξαι,
1448 1434 1587 1492 ἀλλὰ
1609 1437 1613 1510 1
1633 1436 1823 1510 πόρρω
1855 1456 1964 1493 που

282 1516 391 1589 ἤδη
432 1525 633 1590 σοφίας
672 1520 1018 1587 ἐλαύνοντος.

429 1615 571 1660 ΕΤΘ.
625 1607 1062 1683 Πόρρωμέντοι
1100 1609 1171 1682 νὴ
1212 1616 1350 1682 Δία,
1392 1605 1436 1668 ὦ
1477 1613 1783 1686 Σώκρατες.

430 1705 526 1748 ΣΩ.
565 1695 757 1752 ’Ἑστιν
799 1697 860 1754 δὲ
899 1696 968 1768 δὴ
1007 1702 1121 1754 τῶν
1155 1702 1374 1756 οἰκείων
1406 1722 1486 1766 τις
1518 1699 1547 1756 6
1580 1699 1821 1767 τεθνεὼς
1851 1699 1961 1757 ὑπὸ

282 1785 383 1839 τοῦ
423 1787 528 1839 σοῦ
567 1785 796 1857 πατρός;
837 1782 871 1857 ἢ
913 1789 1054 1858 δῆλα
1094 1786 1186 1858 δή·
1227 1786 1294 1843 οὐ
1327 1786 1432 1860 γὰρ
1472 1787 1544 1843 ἄν
1582 1788 1692 1844 πού
1730 1811 1792 1860 γε
1821 1787 1961 1862 ὑπὲρ

283 1869 579 1945 ἀλλοτρίου
619 1873 945 1947 ἐπεξῄεισθα
984 1874 1169 1946 φόνου
1208 1874 1372 1951 αὐτῷ.

429 1969 570 2013 ΕΤΘ.
625 1966 876 2032 Γελοῖον,
911 1955 954 2018 ὦ
987 1962 1300 2035 Σώκρατες,
1334 1962 1418 2019 ὅτι
1451 1970 1554 2020 οἰέι
1577 1986 1630 2020 τι
1654 1966 1960 2038 διαφέρειν,

284 2054 390 2103 εἴτε
429 2046 718 2121 ἀλλότριος
757 2056 863 2105 εἴτε
911 2053 1110 2116 οἰκεῖος
1151 2050 1179 2107 6
1219 2051 1483 2123 τεθνεώς,
1523 2051 1646 2108 ἀλλ’
1691 2052 1759 2108 οὐ
1797 2056 1960 2109 τοῦτο

284 2136 461 2206 μόνον
502 2141 621 2193 δεῖν
661 2139 982 2209 φυλάττειν,
1023 2146 1129 2194 εἴτε
1162 2141 1222 2195 ἐν
1256 2144 1380 2213 δίκῃ
1415 2145 1654 2197 ἑκτεινεν
1686 2139 1715 2197 6
1747 2146 1961 2207 κτείνας

284 2231 391 2279 εἴτε
429 2224 527 2295 μή,
566 2226 658 2280 καὶ
691 2229 741 2281 εί
770 2226 872 2296 μὲν
905 2229 965 2282 ἐν
999 2230 1150 2299 δίκῃ,
1192 2229 1314 2298 ἐᾶν,
1355 2232 1406 2283 εἰ
1444 2228 1505 2284 δὲ
1542 2227 1642 2299 μή,
1675 2230 1961 2300 ἐπεξιέναι,

285 2311 485 2384 ἐάνπερ
535 2310 564 2367 6
619 2320 835 2378 κτείνας
882 2314 1168 2379 συνέστιός
1223 2332 1311 2370 σοι
1357 2316 1449 2370 καὶ
1497 2314 1863 2388 ὁμοτράπεζος
1908 2310 1960 2390 ᾗ.

235 2399 433 2474 ΟΙῖσον
470 2399 578 2472 γὰρ
617 2399 678 2456 τὸ
720 2406 929 2471 μίασμα
960 2406 1230 2472 γίγνεται,
1271 2401 1369 2458 ἐὰν
1410 2405 1575 2476 ξυνῇς
1611 2424 1686 2459 τω
1726 2403 1960 2459 τοιούτω
2017 2479 2020 2483 Ὶ

285 2486 547 2553 ξυνειδὼς
584 2488 676 2543 καὶ
716 2487 787 2559 μὴ
827 2487 1086 2558 ἀφοσιοῖς
1131 2487 1365 2545 σεαυτόν
1410 2510 1468 2544 τε
1511 2490 1604 2544 καὶ
1643 2492 1858 2546 ἐκεῖνον
1895 2494 1960 2563 τῇ

285 2579 409 2647 δίκῃ
443 2576 691 2642 ἐπεξιών.
726 2576 839 2631 ἐπεὶ
865 2574 896 2631 ὅ
920 2598 981 2646 γε
1006 2574 1312 2632 ἀποθανὼν
1344 2577 1577 2649 πελάτης
1599 2598 1680 2644 τις
1709 2572 1782 2650 ἦν
1815 2580 1960 2651 ἐμός,

283 2663 375 2718 καὶ
415 2661 488 2728 ὡς
528 2665 906 2735 ἐγεωργοῦμεν
947 2666 1007 2721 ἐν
1045 2668 1111 2738 τῇ
1144 2664 1341 2739 Νάξῳ,
1384 2665 1647 2736 ἐθήτευεν
1687 2668 1801 2723 ἐκεῖ
1826 2665 1954 2740 παρ’

284 2750 439 2823 ἡμῖν.
480 2751 822 2824 παροινήσας
861 2745 966 2807 οὖν
1005 2752 1096 2807 καὶ
1130 2751 1413 2824 ὀργισθεὶς
1443 2757 1556 2809 τῶν
1590 2757 1820 2810 οἰκετῶν
1850 2775 1961 2811 τινι

283 2843 394 2895 τῶν
434 2837 712 2912 ἡμετέρων
745 2838 1081 2911 ἀποσφάττει
1115 2838 1308 2896 αὐτόν·
1350 2838 1378 2895 6
1414 2833 1518 2896 οὖν
1549 2842 1725 2915 πατὴρ
1759 2841 1960 2913 συνδή-
