2020 3198
843 171 1084 216 ΦΑΙΔΩΝ.
1699 167 1801 220 121

123 288 258 352 “πῶς
296 285 349 341 δ’
386 286 502 355 οὖς’
543 284 773 344 εοὐκοῦν
805 284 1329 358 εὐδαιμονέστατοι,’
1370 290 1494 358 ἔφη,
1535 287 1646 342 ‘nal
1676 285 1805 342 τού-

121 395 234 431 των
274 376 382 431 εἰσὶ
426 375 520 431 καὶ
566 379 643 441 εἰς
682 375 967 445 βέλτιστον
1012 374 1186 431 τόπον
1234 375 1413 441 ἰόντες
1461 378 1519 430 οἱ
1560 373 1663 445 τὴν
1712 377 1806 445 δη-

122 462 356 534 μοτικὴν
406 463 501 518 καὶ
559 461 847 534 πολιτικὴν
902 461 1103 535 ἀρετὴν
1137 464 1144 532 Ι
1179 462 1673 533 ἑπιτετηδευκότες,
1733 460 1860 534 ἣνΒ

124 548 193 621 δὴ
231 554 464 607 καλοῦσι
503 548 878 623 σωφροσύνην
916 570 974 605 τε
1003 550 1097 604 καὶ
1129 549 1513 622 δικαιοσύνην,
1554 551 1608 617 ἐξ
1640 555 1808 616 ἔθους

121 658 178 693 τε
208 639 302 693 καὶ
333 639 556 709 μελέτης
585 647 885 709 γεγονυῖαν
916 636 1053 693 ἄνευ
1085 642 1423 709 φιλοσοφίας
1451 658 1510 694 τε
1536 638 1630 693 καὶ
1653 641 1760 694 νοῦ
1772 640 1806 706 ;’

124 727 217 798 επῇ
272 725 342 798 δὴ
405 719 562 782 οὗτοι
623 724 1155 796 εὐδαιμονέστατοι;’
1222 724 1328 781 (ὅτι
1378 726 1609 792 τούτους
1662 725 1809 791 εἰκός

124 816 272 870 ἐστιν
312 819 386 879 εἰς
422 816 681 871 τοιοῦτον
717 812 887 870 πάλιν
919 810 1281 884 ἀφικνεῖσθαι
1311 812 1598 869 πολιτικόν
1627 833 1687 869 τε
1715 814 1810 868 καὶ

122 899 332 975 ἥμερον
368 902 555 973 γένος,
603 899 640 972 ἤ
685 919 796 956 που
841 904 1106 972 μελιττῶν
1151 896 1188 972 ἢ
1236 904 1468 972 σφηκῶν
1513 898 1549 972 ἢ
1596 900 1809 974 μυρμή-

122 1011 255 1059 κων,
293 985 329 1060 ἢ
367 988 460 1044 καὶ
499 992 577 1054 εἰς
606 985 813 1043 ταύτόν
843 1009 907 1058 γε
937 987 1106 1043 πάλιν
1137 986 1200 1043 τὸ
1235 985 1599 1060 ἀνθρῶπινον
1629 990 1809 1060 γένος,

123 1077 215 1133 καὶ
252 1083 549 1148 γίγνεσθαι
587 1078 642 1143 ἐξ
682 1076 868 1132 αὐτῶν
908 1075 1118 1148 ἄνδρας
1157 1077 1445 1149 μετρίους.’
1523 1076 1723 1142 (εἰκόςῖ

271 1167 493 1220 XXXII.
545 1166 665 1229 εΕἰς
697 1165 763 1219 δέ
788 1186 851 1234 γε
881 1166 1036 1219 θεῶν
1066 1164 1226 1233 γένος
1258 1162 1331 1234 μὴ
1363 1163 1810 1236 φιλοσοφήσαντι

123 1252 216 1314 καὶ
254 1255 535 1318 παντελῶς
579 1255 811 1327 καθαρῷ
860 1250 1083 1306 ἀπιόντι
1128 1249 1197 1306 ού
1241 1252 1404 1322 θέμις
1449 1250 1812 1323 ἀφικνεῖσθαι

128 1338 285 1413 Ιάλλ’
328 1336 364 1411 ἢ
403 1342 478 1416 τῷ
518 1346 836 1411 φιλομαθεῖ.
913 1336 1055 1394 ἀλλὰ
1086 1337 1302 1394 τούτων
1334 1340 1512 1409 ἕνεκα,
1552 1332 1596 1394 ῶ
1629 1341 1862 1412 ἑταῖρεΟ

127 1431 340 1499 Σιμμία
385 1449 443 1484 τε
488 1428 581 1483 καὶ
626 1428 835 1498 Κέβης,
894 1428 952 1482 οὗ
1003 1424 1191 1499 ὀρθῶς
1229 1430 1672 1498 φιλοσοφοῦντες
1718 1425 1812 1482 ἀπ-

127 1518 346 1589 έχονται
390 1519 503 1572 τῶν
547 1514 685 1571 κατὰ
737 1513 800 1571 τὸ
854 1518 1012 1586 σῶμα
1065 1517 1380 1585 ἐπιθυμιῶν
1436 1512 1667 1571 ἁπασῶν
1719 1516 1813 1570 καὶ

126 1606 456 1677 καρτεροῦσι
500 1604 592 1659 καὶ
640 1601 709 1659 ού
755 1601 1163 1676 παραδιδόασιν
1211 1600 1402 1667 αὐταῖς
1441 1601 1695 1673 ἑαυτούς,
1743 1602 1812 1658 οὔ

125 1714 179 1748 τι
218 1695 593 1764 οἰκοφθορίαν
630 1712 689 1747 τε
726 1691 820 1746 καὶ
863 1695 1061 1746 πενίαν
1107 1689 1477 1761 φοβούμενοι,
1529 1688 1711 1762 ῶσπερ
1759 1692 1817 1746 οἰ

127 1781 324 1837 πολλοὶ
375 1779 469 1835 καὶ
521 1778 946 1851 φιλοχρήματοι·
1010 1775 1142 1833 οὐδὲ
1196 1771 1268 1833 αὖ
1331 1776 1556 1849 ἀτιμίαν
1608 1799 1668 1833 τε
1719 1778 1812 1833 καὶ

128 1865 359 1934 ἀδοξίαν
413 1871 724 1938 μοχθηρίας
780 1865 1046 1936 δεδιότες,
1102 1863 1285 1937 ῶσπερ
1341 1867 1399 1920 οἰ
1445 1869 1712 1937 φίλαρχοί
1755 1887 1813 1920 τε

129 1955 220 2010 καὶ
259 1953 567 2025 φιλότιμοι,
608 1957 791 2008 ἔπειτα
829 1950 1126 2023 ἀπέχονται
1165 1950 1386 2007 αύτῶν.’
1464 1949 1553 2007 ‘013
1590 1950 1700 2025 γὰρ
1740 1949 1813 2008 ἂν

128 2042 362 2113 πρέποι,’
403 2046 528 2113 ἔφη,
568 2034 631 2096 ‘05
673 2039 1005 2112 Σῶκρατες,’
1046 2036 1075 2095 ὁ
1116 2040 1315 2110 Κέβης.
1381 2036 1469 2095 (οὐ
1509 2040 1697 2110 μέντοι
1736 2039 1810 2111 μὰ

131 2129 282 2199 Δία,’
321 2121 357 2199 ἦ
397 2129 448 2183 δ’
492 2126 566 2192 ὅς.
601 2127 608 2199 Ι
644 2126 946 2198 “τοιγάρτοι
983 2125 1203 2191 τούτοις
1237 2125 1338 2197 μὲν
1370 2124 1595 2198 ἅπασιν,
1629 2121 1671 2183 ῶ
1704 2129 1866 2184 Κέ-Ι)

130 2223 248 2290 βης,
289 2219 507 2286 ἐκεῖνοι,
548 2210 632 2281 οἷς
667 2235 721 2270 τι
760 2215 910 2285 μέλει
946 2217 1044 2285 τῆς
1083 2215 1296 2270 ἑαυτῶν
1327 2217 1525 2286 ψυχῆς,
1565 2213 1705 2271 ἀλλὰ
1738 2215 1811 2287 μὴ

131 2305 342 2377 σώματι
394 2302 722 2376 πράττοντες
777 2304 931 2373 ζῶσι,
985 2305 1198 2374 χαίρειν
1252 2301 1500 2368 εἰπόντες
1554 2302 1622 2359 ού
1674 2303 1811 2359 κατὰ
1901 2346 1904 2351 .

129 2391 301 2448 ταύτὰ
339 2390 675 2463 πορεύονται
713 2388 919 2461 αὐτοῖς,
960 2387 1036 2455 ῶς
1074 2387 1178 2445 οὐκ
1217 2389 1448 2461 εἰδόσιν,
1489 2389 1595 2464 ὅπῃ
1629 2394 1814 2463 ἔρχον-

130 2501 237 2550 ται,
277 2478 434 2535 αὐτοὶ
481 2478 544 2535 δὲ
587 2477 892 2550 ἡγούμενοι
938 2476 1007 2532 οὐ
1055 2480 1174 2532 δεῖν
1221 2479 1445 2533 ἐναντία
1482 2482 1547 2552 τῇ
1587 2485 1814 2550 φιλοσο-

132 2571 235 2641 φίᾳ
278 2566 537 2639 πράττειν
589 2566 682 2621 καὶ
726 2569 792 2638 τῇ
845 2567 1054 2636 ἐκείνης
1099 2564 1255 2621 λύσει
1299 2585 1358 2621 τε
1402 2566 1496 2620 καὶ
1540 2570 1812 2642 καθαρμῷ

131 2653 303 2727 ταύτῃ
342 2654 633 2725 τρέπονται
672 2656 852 2725 ἐκείνῃ
885 2651 1163 2723 ἑπόμενοι,
1202 2645 1239 2724 ᾗ
1272 2654 1451 2723 ἐκείνη
1483 2651 1814 2724 ὑφηγεῖται.’

277 2742 523 2796 XXXIII.
601 2741 777 2809 εΠῶς,
825 2733 869 2795 ῶ
916 2741 1253 2811 Σῶκρατες;’
1308 2739 1433 2810 ’ἐγώ
1484 2742 1636 2811 ἐρῶ,’
1691 2745 1812 2811 ἔφη.

132 2830 522 2900 ’γιγνώσκουσι
558 2825 704 2898 γάρ,’
743 2820 778 2898 ἦ
819 2824 871 2882 δ’
915 2825 994 2898 ὅς,
1035 2829 1116 2882 ‘oc
1151 2832 1485 2898 φιλομαθεῖς
1525 2825 1610 2882 ὅτι
1640 2845 1812 2897 παρα-
