2020 3198
114 163 176 204 41
800 161 1141 206 ΚΡΑΤΤΛΟΣ.
1691 160 1756 211 21
1765 161 1799 213 5

120 275 322 342 ἁλίζειν
366 279 446 341 εἰς
483 277 648 331 ταύτὸ
687 281 816 341 τοὺς
855 278 1213 348 ἀνθρώπους,
1262 278 1485 333 ἐπειδὰν
1525 278 1798 350 ἀνατείλῃ,

47 392 58 395 -
119 369 204 434 εἴη
243 361 297 419 δ’
341 364 410 418 ἂν
447 364 537 419 καὶ
575 373 650 438 τῷ
689 365 813 436 περὶ
850 367 951 433 τὴν
988 373 1094 434 γῆν
1126 365 1210 419 ἀεὶ
1249 368 1416 420 εἱλεῖν
1456 368 1581 436 ἰών,
1628 367 1798 420 ἐοίκοι

122 451 174 504 δ’
217 451 284 506 ἂν
322 452 414 506 καὶ
453 453 534 506 ὅτι
573 456 839 507 ποικίλλει
879 454 979 506 ι’ὼν
1017 455 1083 506 τὰ
1121 457 1420 524 γιγνόμενα
1460 455 1518 510 ἐκ
1548 462 1643 523 τῆς
1673 462 1796 524 γῆς·

117 541 180 593 τὸ
221 538 282 594 δὲ
319 543 621 596 ποικίλλειν
659 540 750 595 καὶ
790 543 998 594 αἰολεῖν
1037 542 1251 594 ταύτόν.

262 629 427 682 ΕΡΜ.
498 632 568 682 Τί
602 626 662 682 δὲ
700 629 732 696 ἡ
775 631 1002 698 σελήνη;

265 715 380 768 ΣΩ.
458 721 631 770 Τοῦτο
692 714 752 770 δὲ
804 718 865 770 τὸ
916 718 1090 786 ὄνομα
1138 718 1391 786 φαίνεται
1438 719 1535 771 τὸν
1577 717 1797 784 Ἀναξα-

114 806 288 874 γόραν
325 803 539 869 πιέζειν.

261 891 424 946 ΕΡΜ.
494 894 564 945 Τί
597 895 688 961 δή;

263 978 378 1032 ΣΩ.
437 979 618 1034 ’Ἐοικε
678 982 886 1050 δηλοῦν
942 1000 995 1033 τι
1052 983 1439 1051 παλαιότερον,
1500 980 1529 1034 ὃ
1589 981 1795 1045 ἐκεῖνος

113 1066 309 1121 νεωστὶ
325 1069 527 1136 ἔλεγεν,
560 1069 643 1121 ὅτι
665 1069 699 1136 ἡ
726 1071 926 1137 σελήνη
953 1068 1056 1122 ἀπὸ
1081 1076 1181 1122 τοῦ
1205 1069 1366 1138 ἡλίου
1401 1067 1407 1140 1
1442 1070 1550 1138 ἔχει
1574 1070 1635 1122 τὸ
1661 1078 1792 1138 φῶς.
1826 1076 1864 1119 Β

259 1155 422 1209 ΕΡΜ.
487 1161 616 1219 Πῶς
657 1158 749 1225 δή;

262 1243 376 1296 ΣΩ.
446 1245 520 1297 Τὸ
558 1244 659 1313 μέν
697 1262 806 1298 που
844 1243 1003 1309 σέλας
1039 1244 1131 1299 καὶ
1168 1247 1229 1299 τὸ
1271 1254 1388 1315 φῶς
1426 1246 1640 1299 ταύτόν.

258 1331 422 1384 ΕΡΜ.
485 1335 613 1385 Ναί.

260 1419 377 1472 ΣΩ.
449 1419 601 1473 Νέον
658 1420 722 1475 δέ
763 1439 871 1475 που
917 1421 1009 1475 καὶ
1054 1421 1183 1475 ἕνον
1232 1422 1320 1475 ἀεί
1360 1422 1473 1476 ε’στι
1517 1420 1643 1492 περὶ
1687 1423 1789 1490 τὴν

111 1511 350 1577 σελήνην
394 1515 557 1563 τοῦτο
595 1511 657 1563 τὸ
697 1519 838 1579 φῶς,
887 1515 1036 1579 εἴπερ
1077 1510 1258 1579 ἀληθῆ
1300 1511 1358 1563 οὗ
1388 1506 1789 1580 Ἀναξογόρειοι

111 1597 394 1666 λέγουσιν·
433 1597 614 1669 κύκλῳ
652 1598 759 1667 γάρ
797 1615 906 1650 που
946 1596 1029 1650 ἀεὶ
1068 1598 1241 1666 αὐτὴν
1279 1599 1507 1668 περιιὼν
1545 1597 1675 1651 νέον
1707 1596 1792 1651 ἀεὶ

111 1685 408 1755 ἐπιβάλλει,
448 1684 577 1738 ἕνον
617 1682 677 1738 δὲ
715 1685 944 1755 ὑπάρχει
982 1685 1182 1739 τὸτοῦ
1221 1685 1491 1756 προτέρου
1530 1688 1714 1755 μηνός.

257 1773 421 1827 ΕΡΜ.
483 1774 646 1826 Πάνυ
684 1793 758 1841 γε.

235 1861 375 1914 ·ΣΩ.
437 1863 750 1914 Σελαναίαν
789 1860 855 1914 δέ
888 1881 949 1929 γε
988 1866 1253 1915 καλοῦσιν
1293 1862 1467 1930 αὐτὴν
1504 1863 1714 1915 πολλοί.

257 1949 422 2002 ΕΡΜ.
489 1950 652 2002 Πάνυ
690 1969 765 2017 γε.

260 2035 376 2088 ΣΩ.
418 2034 536 2089 Ὅτι
567 2033 627 2089 δὲ
653 2036 811 2099 σέλας
835 2035 964 2090 νέον
987 2056 1043 2090 τε
1068 2035 1159 2090 καὶ
1183 2036 1311 2091 ἕνον
1336 2039 1444 2106 ἔχει
1469 2036 1570 2105 ἀεί,
1604 2041 1787 2091 σελαε-

110 2125 396 2177 νονεοάεια
441 2120 541 2192 μὲν
576 2122 581 2177 Ι
618 2123 914 2177 δικαιότατ’
960 2123 1029 2177 ἂν
1074 2134 1184 2178 τῶν
1223 2125 1510 2193 ὀνομάτων
1549 2129 1787 2193 καλοῖτο,
1821 2121 1855 2165 C

111 2210 620 2280 συγκεκροτημένον
660 2209 720 2264 δὲ
759 2214 1021 2265 σελαναία
1058 2211 1322 2280 κέκληται.

257 2299 420 2352 ΕΡΜ.
484 2300 925 2376 Διθυραμβῶδές
971 2320 1032 2368 γε
1070 2308 1232 2354 τοῦτο
1272 2301 1541 2370 τοῦνομα,
1583 2298 1625 2354 ὦ
1665 2302 1788 2354 Σώ-
1837 2311 1918 2378 ζ,

111 2406 316 2457 κρατες.
395 2387 532 2440 ἀλλὰ
569 2390 666 2441 τὸν
705 2395 850 2457 μῆνα
889 2387 980 2441 καὶ
1018 2390 1084 2440 τὰ
1123 2389 1296 2459 ἄστρα
1335 2398 1447 2451 πῶς
1487 2388 1686 2456 λέγεις,
1837 2380 1846 2437 3
1884 2378 2016 2447 ³⁴23&

261 2473 376 2527 ΣΩ.
417 2473 475 2528 Ὁ
512 2472 612 2544 μὲν
650 2474 767 2544 μεὶς
808 2475 911 2528 ἀπὸ
951 2483 1051 2529 τοῦ
1091 2481 1385 2544 μειοῦσθαι
1425 2481 1507 2544 εἴη
1534 2475 1603 2528 ἂν
1633 2477 1787 2544 μείης

111 2562 296 2630 ὀρθῶς
348 2560 697 2630 κεκλημένος,
752 2564 817 2615 τὰ
866 2558 916 2615 δ’
962 2564 1132 2633 ἄστρα
1179 2565 1320 2617 ε”οικε
1364 2571 1459 2631 τῆς
1510 2563 1786 2634 ἀστραπῆς

111 2647 427 2717 ἐπωνυμίαν
478 2651 634 2717 ἔχειν.
726 2650 759 2718 ἡ
802 2647 861 2703 δὲ
913 2651 1185 2720 ἀστραπή,
1238 2651 1320 2704 ὅτι
1371 2653 1434 2704 τὰ
1492 2648 1610 2703 ὦπα
1657 2651 1787 2703 ἀνα-

111 2735 350 2805 στρέφει,
391 2734 716 2804 ἀναστρωπὴ
757 2736 826 2790 &v
865 2743 967 2806 εἴη,
1006 2744 1112 2790 νῦν
1146 2735 1206 2790 δὲ
1239 2738 1485 2808 ἀστραπὴ
1518 2743 1786 2792 καλλωπι-

111 2828 310 2876 σθεῖσα
346 2821 610 2891 κέκληται.
