2020 3198
248 171 317 226 68
912 171 1248 215 ΠΛΑΤΩΝΟΣ

245 288 554 362 ἀσφάλειάν
610 306 700 346 σοι
751 291 1104 363 παρέξονται,
1160 285 1298 344 ὥστε
1352 304 1413 344 σε
1467 286 1679 359 μηδένα
1731 292 1927 342 λυπεῖν

242 382 355 435 τῶν
393 377 528 435 κατὰ
570 382 885 435 Θετταλίαν.

390 467 443 522 V
518 465 638 521 ’Ἑτι
679 468 765 538 δέ,
814 459 857 522 ὦ
898 464 1215 538 Σώκρατες,
1265 463 1398 519 οὐδὲ
1445 462 1663 519 δίκαιόν
1703 485 1797 533 μοι
1836 466 1928 518 60-

242 564 355 620 κεῖς
395 556 686 628 ἐπιχειρεῖν
725 558 975 626 πρᾶγμα,
1022 550 1230 608 σαυτὸν
1276 554 1614 624 προδοῦναι,
1660 550 1785 617 ἐξὸν
1824 568 1928 606 σω-

242 645 440 713 θῆναι·
493 642 586 697 καὶ
638 646 868 699 τοιαῦτα
922 642 1176 706 σπεύδεις
1221 639 1347 711 περὶ
1393 638 1601 695 σαυτὸν
1645 640 1928 710 γενέσθαι,

242 727 382 803 ἅπερ
421 727 493 786 ἂν
531 730 624 787 καὶ
672 733 730 786 οἱ
773 733 972 803 ἐχθροί
1015 746 1119 785 σου
1165 727 1462 784 σπεύσαιέν
1507 749 1564 783 τε
1609 727 1703 783 καὶ
1741 732 1928 783 ἔσπευ-

242 818 350 874 adv
390 835 451 885 σε
497 822 826 891 διαφθεῖραι
872 817 1220 890 βουλόμενοι.
1297 815 1436 889 πρὸς
1482 815 1545 872 δὲ
1581 815 1800 881 τούτοις
1835 815 1929 870 καὶ

240 904 371 972 τοὺς
409 908 548 973 υἱεῖς
586 906 717 973 τοὺς
756 910 965 963 σαυτοῦ
1007 911 1191 978 ἔμοιγε
1224 908 1405 970 δοκεῖς
1435 902 1788 976 προδιδόναι,
1830 900 1930 968 οὕς

182 1002 332 1050 Βσοι
372 993 497 1062 ἐξὸν
535 995 628 1051 καὶ
663 998 670 1065 Ι
706 995 975 1067 ἐκθρέψαι
1011 994 1104 1050 καὶ
1138 996 1494 1050 ε’κπαιδεῦσαι
1527 991 1738 1064 οἰχήσει
1766 1012 1928 1047 κατα-

239 1081 437 1154 λιπών,
478 1083 572 1138 καὶ
609 1081 671 1138 τὸ
714 1081 818 1138 σὸν
858 1084 1039 1156 μέρος,
1080 1083 1166 1138 ὅτι
1205 1079 1278 1137 ἄν
1315 1080 1551 1153 τύχωσι,
1590 1083 1754 1136 τοῦτο
1793 1079 1929 1152 πρά-

242 1171 455 1236 ξουσιν·
501 1170 789 1237 τεύξονται
837 1171 922 1241 δέ,
969 1168 1044 1236 ὥς
1088 1168 1150 1225 τὸ
1200 1169 1370 1240 εἰκός,
1424 1166 1694 1225 τοιούτων
1734 1162 1927 1240 οἷάπερ

240 1265 443 1314 εἴωθεν
482 1263 778 1330 γίγνεσθαι
818 1261 878 1314 έν
916 1269 1035 1324 ταῖς
1083 1257 1379 1331 ὀρφανίαις
1423 1257 1548 1330 περὶ
1585 1254 1717 1322 τοὺς
1755 1255 1928 1329 ὀρφα-

239 1345 390 1412 νούς.
466 1342 501 1417 ἢ
548 1345 656 1419 γὰρ
707 1345 774 1402 οὐ
819 1346 923 1419 χρὴ
980 1354 1266 1402 ποιεῖσθαι
1311 1347 1514 1411 παῖδας
1558 1341 1593 1416 ἢ
1642 1346 1928 1412 ξυνδιατα-

239 1439 539 1507 λαιπωρεῖν
586 1434 680 1489 καὶ
725 1435 1000 1506 τρέφοντα
1044 1435 1136 1489 καὶ
1187 1433 1547 1490 παιδεύοντα·
1601 1431 1672 1489 σὺ
1727 1434 1792 1488 δέ
1834 1454 1928 1504 μοι

241 1526 423 1588 δοκεῖς
475 1521 541 1577 τὰ
598 1521 961 1596 ῥᾳθυμότατα
1014 1524 1318 1595 αἱρεῖσθαι·
1372 1520 1475 1594 χρὴ
1528 1522 1614 1592 δέ,
1669 1519 1807 1592 ἅπερ
1853 1516 1927 1575 ἂν

239 1609 384 1681 ἀνὴρ
433 1609 652 1681 ἀγαθὸς
694 1610 788 1665 καὶ
834 1609 1092 1683 ἀνδρεῖος
1142 1612 1345 1681 ἕλοιτο,
1406 1613 1580 1666 ταῦτα
1625 1611 1927 1679 αἱρεῖσθαι,

243 1699 532 1770 φάσκοντα
579 1721 642 1771 γε
689 1697 1004 1771 δὴ.ἆρετῆς
1053 1698 1146 1754 διὰ
1197 1697 1403 1765 παντὸς
1440 1702 1540 1755 τοῦ
1580 1702 1710 1769 βίου
1749 1700 1928 1768 ἐπιμε-

186 1793 485 1842 Ελεῖσθαι·
527 1785 601 1853 ὡς
640 1791 811 1858 ἔγωγε
848 1787 941 1841 καὶ
975 1784 1114 1859 ὑπὲρ
1151 1790 1254 1842 σοῦ
1286 1786 1379 1841 καὶ
1409 1784 1546 1858 ὑπὲρ
1582 1789 1590 1858 Ι
1623 1783 1783 1857 ἡμῶν
1813 1788 1927 1841 τῶν

241 1878 358 1931 σῶν
399 1876 724 1945 ἐπιτηδείων
765 1874 1117 1946 αἰσχύνομαι,
1158 1873 1231 1946 μὴ
1266 1873 1398 1947 δόξῃ
1430 1872 1577 1929 ἅπαν
1607 1873 1670 1929 τὸ
1703 1877 1927 1946 πρᾶγμα

238 1962 301 2019 τὸ
345 1963 471 2035 περὶ
510 1963 572 2019 σὲ
611 1961 889 2037 ἀνανδρίᾳ
926 1963 1038 2019 τινὶ
1075 1966 1141 2035 τῇ
1182 1961 1418 2037 ἡμετέρᾳ
1455 1965 1795 2035 πεπρᾶχθαι,
1833 1962 1926 2018 καὶ
1999 2022 2006 2027 ,

237 2051 270 2123 ἡ
314 2055 531 2117 εἴσοδος
576 2054 672 2122 τῆς
712 2055 868 2123 δίκης
914 2055 992 2117 εἰς
1029 2050 1091 2107 τὸ
1134 2051 1510 2124 δικαστήριον,
1550 2049 1624 2116 ὡς
1663 2053 1926 2122 εἰσῆλθεν

240 2139 364 2206 ἐξὸν
404 2138 481 2210 μὴ
523 2142 824 2209 εἰσελθεῖν,
871 2140 964 2194 καὶ
1009 2137 1175 2205 αὐτὸς
1222 2137 1251 2194 ὁ
1300 2137 1454 2209 ἀγών
1492 2141 1588 2210 τῆς
1627 2142 1806 2210 δίκης,
1853 2137 1927 2204 ὡς

239 2229 474 2298 ἐγένετο,
513 2227 606 2281 καὶ
644 2226 706 2283 τὸ
739 2234 1058 2283 τελευταῖον
1090 2226 1159 2297 δὴ
1192 2232 1362 2297 τουτί,
1403 2225 1584 2299 ὥσπερ
1615 2226 1927 2298 κατάγελως

236 2319 334 2386 τῆς
387 2314 659 2384 πραξεως,
721 2320 884 2370 κακία
936 2316 1048 2370 τινὶ
1101 2316 1192 2371 καὶ
1246 2313 1524 2389 ἀνανδρία
1571 2318 1637 2387 τῇ
1692 2313 1926 2389 ἡμετέρα

162 2405 248 2479 461
270 2404 699 2475 διαπεφευγέναι
731 2401 879 2475 ἡμᾶς
913 2407 1115 2472 δοκεῖν,
1157 2404 1354 2468 οίτινές
1385 2419 1446 2458 σε
1478 2401 1602 2475 οὐχὶ
1641 2403 1924 2474 ἐσώσαμεν

238 2491 374 2547 οὐδὲ
413 2491 485 2546 σὺ
527 2490 760 2561 σαυτόν,
810 2486 932 2546 οἷόν
978 2513 1036 2546 τε
1089 2512 1152 2545 ον
1198 2491 1289 2545 καὶ
1330 2490 1598 2561 δυνατόν,
1649 2497 1704 2546 εἴ
1741 2512 1795 2546 τι
1831 2491 1924 2546 καὶ
2004 2478 2007 2482 ⁸

237 2578 437 2654 μικρὸν
484 2577 643 2649 ἡμῶν
693 2578 895 2650 ὄφελος
939 2573 1026 2649 ἦν.
1102 2581 1276 2633 ταῦτα
1333 2572 1462 2649 οὖν,
1518 2571 1923 2653 ωΣώκρατες,

238 2667 343 2741 ὅρα
381 2666 454 2739 μὴ
496 2665 609 2738 ἅμα
654 2670 729 2740 τῷ
777 2670 925 2742 κακῷ
974 2667 1066 2721 καὶ
1107 2664 1305 2738 αι’σχρά
1346 2659 1381 2739 ᾖ
1423 2671 1517 2722 σοί
1551 2687 1608 2723 τε
1643 2667 1736 2722 καὶ
1774 2665 1923 2739 ἡμῖν.

238 2754 377 2812 ἀλλὰ
417 2754 713 2826 βουλεύου,
753 2758 966 2826 μᾶλλον
1008 2755 1069 2810 δὲ
1108 2751 1241 2810 οὐδὲ
1272 2756 1645 2824 βουλεύεσθαι
1677 2759 1756 2811 ἔτι
1787 2754 1922 2829 ὥρα,
1991 2771 2020 2808 η

238 2841 377 2899 ἀλλὰ
415 2847 837 2914 βεβουλεῦσθαι.
914 2847 1012 2914 μία
1054 2842 1116 2898 δὲ
1154 2842 1352 2913 βουλή·
1392 2846 1488 2914 τῆς
1523 2841 1629 2914 γὰρ
1663 2843 1924 2916 ἐπιούσης
1982 2847 1986 2886 l
