2020 3198
261 121 368 174 132
934 122 1270 166 ΠΛΑΤΩΝΟΣ

258 260 317 296 τε
366 237 546 296 εἷναι.’
631 238 791 296 “άλλά
837 240 930 296 καὶ
977 241 1105 311 ἐμέ,’
1153 245 1286 311 ἔφη,
1341 238 1460 295 “τὸν
1501 237 1723 295 Ἰόλεων
1768 257 1937 310 παρα-

257 327 431 400 κάλει,
471 329 574 394 ἕως
613 331 692 384 ἔτι
730 332 850 400 φῶς
896 326 1074 384 ἐστιι’.
1137 330 1452 399 ’παρακαλῶ
1498 328 1732 398 τοίνυν,’
1780 329 1940 397 ἔφην,

259 414 384 488 “οὐχ
437 414 511 483 ὡς
563 415 860 490 Ἡρακλῆς,
922 414 1044 472 ἀλλ’
1110 413 1183 482 ὡς
1238 414 1452 480 Ἰόλεως
1510 413 1611 471 τὸν
1662 412 1938 487 Ἡρακλῆῖ

260 501 450 560 (οὐδὲν
491 506 729 576 διοίσει,’
770 509 890 576 ἔφη,

405 595 649 649 ΧΧΧΙΧ.
733 591 911 649 ‘'Am-o}
960 596 1181 666 πρῶτον
1221 591 1625 663 εὐλαβηθῶμέν
1662 613 1716 647 τι
1759 591 1941 657 πάθος

259 679 334 753 μὴ
373 681 679 753 πάθωμεν.’
743 680 823 737 ξτὸ
855 684 1064 747 ποῖον;’
1105 675 1175 753 ῆν
1209 680 1259 737 δ’
1305 681 1425 751 ἐγώ.
1488 678 1580 751 “μῆ
1611 679 1940 752 γενώμεθα]

199 763 294 842 Βῆ
343 767 395 825 δ’
448 767 526 839 ὅς,
561 777 569 837 Ι
605 768 938 841 (μισόλογοι,
989 767 1170 842 ὥσπερ
1218 771 1277 825 οἱ
1318 768 1710 840 μισάνθρωποι
1754 768 1942 840 γιγνό-

259 877 449 931 μενοιῇ
480 857 555 925 ὡς
594 857 696 914 οὐκ
736 860 924 929 ἔστιν,’
965 862 1089 930 ἔφη,
1130 856 1234 913 (ὅτι
1274 856 1345 912 ἄν
1391 879 1472 923 τις
1518 861 1702 928 μεῖζον
1739 856 1942 913 τούτου

258 945 433 1003 κακὸν
472 947 649 1002 πάθοι
687 943 722 1017 ’ἢ
763 946 967 1017 λόγους
1013 945 1262 1017 μισήσας.
1337 950 1585 1016 γίγνεται
1630 943 1693 1000 δὲ
1738 947 1797 1000 ἐκ
1840 947 1941 1000 τοῦ

258 1035 433 1093 αὐτοῦ
481 1034 693 1109 τρόπου
738 1039 1031 1106 μισολογία
1075 1056 1134 1090 τε
1179 1033 1271 1089 καὶ
1317 1037 1728 1105 μισανθρωπία.
1810 1029 1847 1103 ῆ
1885 1053 1942 1088 τε

255 1123 363 1198 γὰρ
397 1129 793 1197 μισανθρωπία
825 1122 1079 1179 ἐνδύεται
1111 1123 1170 1178 ἐκ
1200 1125 1301 1177 τοῦ
1334 1119 1555 1194 σφόδρα
1584 1120 1696 1176 τινὶ
1726 1123 1942 1176 πιστεῦ-

258 1230 352 1270 σαι
390 1212 529 1269 ἄνευ
567 1214 778 1285 τέχνης,
816 1212 908 1267 καὶ
947 1208 1268 1281 ἡγήσασθαι
1306 1208 1625 1264 παντάπασί
1657 1231 1715 1265 τε
1754 1207 1940 1280 ἀληθῆ

233 1302 402 1360 εἶναι
426 1303 519 1358 καὶ
542 1300 674 1374 ὑγιῆ
699 1300 791 1356 καὶ
814 1297 1010 1355 πιστὸν
1042 1300 1143 1354 τὸν
1175 1297 1500 1371 ἄνθρωπον,
1534 1301 1716 1353 ἔπειτα
1749 1295 1942 1369 ὀλίγον

255 1391 491 1465 ὕστερον
539 1387 725 1462 εὑρεῖν
771 1391 973 1443 τοῦτον
1026 1385 1278 1458 πονηρόν
1330 1407 1389 1440 τε
1433 1384 1526 1440 καὶ
1571 1383 1806 1441 ἄπιστον
1850 1386 1942 1441 καὶ

258 1474 426 1545 αὖθις
465 1481 676 1549 ἕτερον·
715 1476 807 1531 καὶ
848 1474 981 1531 ὅταν
1026 1478 1192 1531 τοῦτο
1231 1473 1494 1539 πολλάκις
1538 1473 1694 1546 πάθῃ
1732 1495 1813 1540 τις
1850 1475 1941 1529 καὶ

256 1567 364 1625 ὑπὸ
411 1566 626 1623 τούτων
673 1565 934 1637 μάλιστα,
990 1560 1089 1628 οὓς
1134 1558 1206 1617 ἄν
1259 1560 1524 1634 ἡγήσαιτο
1572 1561 1943 1628 οἰκειοτάτους

201 1669 312 1713 Ετε
351 1656 443 1712 καὶ
483 1652 885 1727 ἕταιροτάτους,
921 1658 928 1719 Ι
961 1653 1231 1707 τελευτῶν
1271 1648 1339 1721 δὴ
1379 1648 1535 1720 θαμὰ
1575 1649 1941 1724 προσκρούων

257 1756 408 1816 μισεῖ
441 1765 499 1800 τε
536 1742 746 1807 πάντας
783 1741 875 1796 καὶ
915 1738 1126 1811 ἡγεῖται
1159 1737 1391 1804 οὐδενὸς
1423 1737 1591 1794 οὐδὲν
1621 1736 1774 1810 ὑγιὲς
1797 1735 1942 1794 εἶναι

254 1833 317 1890 τὸ
358 1831 634 1906 παράπαν.
709 1827 744 1902 ἢ
794 1826 896 1885 οὐκ
939 1828 1189 1901 ᾔσθησαι
1235 1826 1305 1883 σὺ
1351 1829 1514 1883 τοῦτο
1559 1826 1940 1898 γιγνόμενον;’

257 1921 426 1977 επάνυ
471 1921 572 1991 γε,’
620 1913 692 1990 ἦν
740 1917 791 1973 δ’
844 1916 965 1988 ἐγώ.
1043 1913 1309 1986 ὀὐκοῦνξ
1356 1907 1392 1987 ἦ
1439 1912 1491 1970 δ’
1536 1913 1621 1986 ὅς,
1671 1913 1940 1987 “αι’σχρόν,

256 2009 349 2065 καὶ
398 2013 572 2080 δῆλον
621 2006 707 2063 ὅτι
753 2005 891 2062 ἄνευ
936 2006 1130 2077 τέχνης
1181 2007 1278 2074 τῆς
1330 2004 1456 2076 περὶ
1507 2000 1864 2076 τάνθρώπεια
1910 2001 1939 2059 ὁ

255 2101 509 2162 τοιοῦτος
555 2099 798 2168 χρῆσθαι
856 2097 1119 2166 ἐπιχειρεῖ
1166 2104 1282 2158 τοῖς
1333 2090 1686 2161 άνθροόποις;
1741 2095 1792 2148 εἰ
1834 2091 1939 2164 γάρ

258 2205 368 2241 που
393 2183 526 2256 μετὰ
550 2185 744 2255 τέχνης
768 2185 982 2255 ἐχρῆτο,
1008 2180 1190 2252 ὥσπερ
1216 2186 1343 2252 ἔχει,
1377 2179 1553 2245 οὕτως
1583 2177 1654 2236 ἄν
1678 2178 1940 2252 ἡγήσατο,

186 2271 386 2338 9οτοὑς
441 2272 542 2344 μὲν
597 2271 869 2345 χρηστοὺς
921 2270 1014 2326 καὶ
1067 2268 1346 2342 πονηροὺς
1387 2271 1394 2338 Ι
1436 2267 1659 2340 σφόδρα
1720 2266 1942 2339 ὀλίγους

257 2360 401 2418 εἶναι
457 2361 772 2432 ἑκατέρους,
826 2357 954 2423 τοὺς
1017 2357 1078 2413 δὲ
1139 2355 1339 2427 μεταξὺ
1393 2357 1717 2421 πλείστους.’
1808 2358 1941 2422 “πῶς

256 2450 475 2521 λέγεις;’
517 2453 659 2520 ἔφην
701 2446 822 2517 ἐγώ.
900 2444 1140 2516 “ὤσπερ,’
1181 2439 1215 2515 ἧ
1257 2443 1308 2500 δ’
1354 2443 1431 2514 ὅς,
1473 2445 1615 2514 “περὶ
1653 2447 1765 2501 τῶν
1805 2443 1940 2516 σφό-

259 2542 365 2610 δρα
406 2540 654 2609 σμικρῶν
692 2535 784 2590 καὶ
824 2533 1100 2605 μεγάλων·
1149 2539 1252 2588 οἰει
1290 2554 1342 2587 τι
1381 2532 1759 2603 σπανιώτερον
1797 2529 1940 2588 εἶναι

256 2623 291 2697 ἢ
326 2625 549 2697 σφόδρα
581 2624 753 2695 με’γαν
786 2619 820 2693 ἢ
854 2620 1075 2693 σφόδρα
1108 2618 1341 2691 σμικρὸν
1368 2621 1606 2692 ἐξευρεῖν
1632 2618 1940 2691 άνθρωπον

256 2737 290 2786 η
348 2713 493 2769 κύνα
547 2708 580 2783 ἢ
637 2710 771 2766 άλλο
829 2707 1045 2776 οτιοῦν;
1101 2705 1135 2779 ἢ
1193 2730 1264 2763 av
1317 2707 1490 2780 ταχὺν
1544 2704 1578 2779 ἢ
1635 2709 1853 2781 βραδὺν
1905 2704 1939 2779 ἢ

258 2800 491 2876 αἰσχρὸν
531 2796 565 2871 ἢ
607 2797 781 2854 καλὸν
820 2796 854 2869 ἢ
888 2795 1087 2853 λευκὸν
1119 2819 1153 2867 η
1187 2797 1420 2867 μέλανα;
1461 2792 1495 2867 ἢ
1537 2794 1638 2851 οὐκ
1675 2794 1940 2869 ᾔσθησαι,
