2020 3198
556 179 876 222 AHOAOPIA
905 177 1280 221 ΣΩΚΡΑΤΟΥΣ.
1686 175 1753 227 57

80 316 174 366 μοι
210 294 415 352 τούτου
451 295 746 366 τιμήσαιτε.
799 293 974 365 πολλὴ
1021 291 1172 365 μέντ’
1224 293 1295 349 ἄν
1341 315 1407 364 με
1452 296 1758 365 φιλοψυχία

22 417 34 421 ·
81 387 220 454 ἔχοι,
282 386 334 439 εἰ
386 381 562 449 οὕτως
614 381 908 453 ἀλόγιστός
960 385 1095 453 εἰμι,
1151 379 1290 438 ὥστε
1343 379 1417 452 μὴ
1474 379 1758 436 δύνασθαι

80 474 424 541 λογίζεσθαι,
465 468 551 526 ὅτι
580 467 737 541 ὑμεῖς
775 469 876 541 μὲν
909 467 1064 535 ὄντες
1100 473 1323 525 πολῖταί
1357 490 1466 539 μου
1506 466 1608 540 οὐχ
1647 462 1763 523 οἷοί

78 579 138 615 τε
191 558 449 629 ἐγένεσθε
501 559 743 629 ἐνεγκεῖν
795 555 892 623 τὰς
945 556 1077 628 ἐμὰς
1129 554 1415 629 διατριβὰς
1448 561 1456 625 1
1488 557 1581 611 καὶ
1624 554 1811 620 τούςΙ)

80 643 307 716 λόγους,
338 643 460 701 ἀλλ’
495 642 630 716 ὑμῖν
660 643 961 718 βαρύτεραι
990 643 1288 716 γεγόνασιν
1319 644 1412 700 καὶ
1443 641 1760 715 ἐπιφθονώ-

79 755 257 806 τεραι,
306 730 445 788 ὥστε
487 738 686 804 ζητεῖτε
733 730 919 789 αὐτῶν
964 732 1095 788 νυνὶ
1141 730 1539 803 ἀπαλλαγῆναι.
1601 730 1761 786 ἄλλοι

82 821 144 877 δὲ
181 819 291 893 ἄρα
330 819 500 885 αὐτὰς
530 828 748 877 οἴσουσι
778 822 1008 894 ῥᾳδίως;
1048 823 1260 876 πολλοῦ
1288 843 1351 891 γε
1390 824 1492 891 δεῖ,
1525 812 1569 876 ὦ
1603 816 1761 889 Ἀθη-

81 918 245 964 ναῖοι.
294 907 463 973 καλὸς
510 900 613 964 οὖν
661 906 732 962 ἄν
779 930 874 978 μοι
920 905 950 964 ὁ
989 912 1109 978 βίος
1155 915 1238 979 εἴη
1288 907 1571 975 ἐξελθόντι
1615 912 1761 977 τηλι-

81 998 226 1071 κῷδε
277 993 562 1070 ἀνθρώπω
617 994 791 1067 ἀλλην
839 997 894 1062 ἐξ
939 994 1110 1066 ἄλλης
1155 995 1366 1060 πόλεως
1415 993 1760 1067 ἀμειβομένω

81 1082 174 1138 καὶ
213 1083 621 1157 ἐξελαυνομένῳ
664 1086 774 1153 ζῆν.
814 1076 877 1138 εὖ
907 1081 1016 1155 γὰρ
1050 1081 1157 1138 οἶδ’
1194 1081 1297 1154 ὅτι,
1331 1082 1459 1138 ὅποι
1489 1080 1561 1138 ἄν
1593 1087 1761 1151 ἔλθω,

82 1171 341 1241 λέγοντος
397 1172 532 1242 ἐμοῦ
591 1168 963 1243 ἀκροάσονται
1019 1172 1077 1226 oc
1130 1172 1249 1227 νέοι
1299 1169 1481 1242 ὥσπερ
1533 1169 1760 1225 ἐνθάδε·

82 1254 188 1314 κᾶν
227 1258 328 1329 μὲν
365 1257 597 1324 τούτους
635 1256 956 1328 ἀπελαύνω,
1005 1250 1162 1314 οὗτοι
1201 1257 1293 1329 ἐμὲ
1331 1256 1490 1314 αὐτοὶ
1523 1258 1761 1327 ἐξελῶσι,

83 1351 373 1412 πείθοντες
415 1344 546 1412 τοὺς
582 1346 1007 1419 πρεσβυτέρους·
1055 1344 1153 1402 ἐὰν
1193 1345 1256 1402 δὲ
1289 1351 1296 1413 Ι
1331 1345 1404 1418 μὴ
1445 1344 1813 1413 ἀπελαύνω,Ε

85 1437 144 1489 οἰ
176 1432 390 1490 τούτων
428 1434 653 1506 πατέρες
688 1455 747 1490 τε
783 1433 877 1489 καὶ
916 1436 1110 1490 οἰκεῖοι
1149 1431 1223 1489 δι’
1275 1431 1482 1498 αὐτοὺς
1518 1432 1762 1498 τούτους.

236 1522 489 1577 XXVIII.
548 1519 712 1587 Ἴσως
763 1514 868 1576 οὖν
914 1519 985 1576 ἄν
1029 1540 1111 1586 τις
1156 1527 1321 1577 εἴποι·
1359 1523 1533 1591 σιγῶν
1573 1520 1635 1576 δὲ
1672 1520 1765 1575 καὶ

85 1607 320 1681 ἡσυχίαν
368 1606 546 1679 ἄγων,
597 1602 641 1665 ὦ
688 1607 1010 1680 Σώκρατες,
1060 1606 1161 1680 οὐχ
1208 1603 1326 1673 οἶός
1369 1606 1417 1663 τ’
1472 1611 1583 1664 ἔσει
1628 1605 1764 1679 ἡμῖν

88 1694 328 1764 ἐξελθών
391 1700 512 1768 ζῆν;
574 1696 728 1752 τουτὶ
789 1696 858 1767 δή
922 1698 1036 1753 ἐστι
1095 1698 1318 1752 πάντων
1378 1696 1763 1768 χαλεπώτατον

84 1789 275 1840 πεῖσαί
327 1806 480 1849 τινας
531 1782 705 1856 ὑμῶν.
782 1784 941 1840 ε’άντε
1000 1783 1108 1857 γὰρ
1163 1785 1331 1856 λέγω,
1387 1783 1473 1840 ὅτι
1524 1787 1600 1859 τῷ
1645 1787 1762 1860 θεῷ

86 1871 341 1929 ἀπειθεῖν
371 1870 521 1928 τοῦτ’
558 1876 708 1927 ἔστιν
745 1871 839 1927 καὶ
877 1871 971 1928 διὰ
1009 1875 1174 1928 τοῦτο
1213 1871 1496 1929 ἀδύνατον
1526 1870 1764 1944 ἡσυχίαν

86 1959 272 2032 ἄγειν,
328 1960 396 2016 οὐ
443 1961 706 2016 πείσεσθέ
740 1982 834 2031 μοι
884 1958 959 2025 ὡς
1003 1961 1439 2037 εἰρωνευομένῳ·
1466 1961 1473 2036 Ι
1502 1958 1648 2017 ἐάντ’
1693 1952 1764 2015 αὖ
1782 1971 1838 2013 38

26 2106 31 2111 ,
86 2048 254 2119 λέγω,
295 2046 380 2104 ὅτι
417 2048 510 2103 καὶ
540 2047 800 2119 τυγχάνει
831 2052 1089 2119 μέγιστον
1121 2047 1343 2119 ἀγαθὸν
1377 2045 1444 2104 ὂν
1476 2046 1763 2122 ἀνθρώπῳ

85 2139 276 2206 τοῦτο,
316 2134 545 2206 ἑκάστης
581 2133 786 2208 ἡμέρας
824 2137 948 2208 περὶ
979 2135 1176 2208 ἀρετῆς
1205 2135 1336 2203 τοὺς
1365 2136 1571 2208 λόγους
1599 2144 1765 2191 ποιεῖ-

0 2292 1 2295 Ὶ
88 2231 226 2279 σθαι
262 2225 355 2278 καὶ
399 2226 512 2279 τῶν
560 2221 770 2294 ἄλλων,
824 2224 948 2295 περὶ
1005 2216 1087 2280 ὦν
1140 2221 1297 2295 ὑμεῖς
1351 2226 1486 2295 ἐμοῦ
1540 2222 1765 2280 ἀκούετε

0 2348 1 2362 ,
89 2312 486 2382 διαλεγομένου
522 2310 615 2366 καὶ
662 2309 902 2382 ἐμαυτὸν
945 2311 1038 2366 καὶ
1084 2309 1288 2377 ἄλλους
1326 2310 1692 2382 ἐξετάζοντος,
1733 2308 1763 2367 ὃ

0 2465 3 2482 „
89 2399 151 2456 δὲ
197 2398 549 2466 ἀνεξέταστος
594 2403 714 2470 βίος
760 2397 829 2455 οὐ
876 2397 1075 2469 βιωτὸς
1128 2396 1438 2474 ἀνθρώπῳ,
1491 2402 1663 2454 ταῦτα
1710 2396 1762 2454 δ’

89 2491 168 2542 ἔτι
203 2480 370 2558 ἦττον
409 2487 673 2542 πείσεσθέ
699 2508 794 2557 μοι
824 2486 1055 2556 λέγοντι.
1092 2483 1160 2541 τὰ
1192 2485 1254 2542 δὲ
1291 2490 1399 2557 ἔχει
1438 2485 1539 2557 μὲν
1572 2484 1765 2556 οὕτως,

89 2571 164 2639 ὥς
202 2572 307 2643 ἐγώ
347 2595 514 2644 φημι,
561 2567 604 2630 ὦ
653 2572 881 2646 ἄνδρες,
927 2577 1146 2628 πείθειν
1194 2571 1255 2628 δὲ
1301 2572 1369 2628 οὐ
1417 2572 1598 2646 ῥᾴδια.
1674 2573 1767 2628 καὶ

89 2659 195 2731 ἐγώ
236 2658 348 2731 ἅμα
379 2660 482 2715 οὐκ
520 2666 767 2731 εἴθισμαι
799 2658 1036 2731 ἐμαυτὸν
1074 2659 1269 2726 ἀξιοῦν
1306 2663 1480 2715 κακοῦ
1520 2657 1765 2724 οὐδενός.

89 2751 140 2803 εἰ
176 2747 276 2818 μὲν
307 2745 413 2818 γὰρ
444 2740 516 2816 ἧν
547 2768 642 2817 μοι
673 2746 946 2819 χρήματα,
979 2745 1319 2817 ἐτιμησάμην
1339 2746 1346 2819 Ι
1366 2742 1438 2801 ἀν
1468 2745 1816 2818 χρημάτωνΒ

90 2832 196 2890 ὅσα
236 2838 464 2905 ἔμελλον
505 2835 762 2889 ἐκτίσειν·
804 2832 972 2889 οὐδὲν
1002 2832 1109 2904 γὰρ
1151 2829 1221 2887 ἂν
1262 2831 1523 2903 ἐβλάβην·
1562 2836 1671 2887 νῦν
1703 2831 1766 2887 δὲ
