2020 3198
199 145 272 197 94
872 147 1211 192 ΠΛΑΤῼΝΟΣ

199 265 451 329 ἐκείνοις·
490 261 784 336 ἡγούμεθά
822 286 875 320 τι
911 263 1013 320 τὸν
1044 263 1300 321 θάνατον
1331 262 1528 333 εἶναι;’
1569 263 1745 321 ’πάνυ
1781 266 1886 337 γε,’

199 355 304 422 ἔφη
344 349 644 422 ὑπολαβὼν
684 350 714 408 ὁ
747 356 1004 424 Σιμμίας.
1045 345 1180 426 ’ἀρα
1212 350 1285 423 μὴ
1325 351 1462 408 ἄλλο
1491 372 1546 408 τι
1582 348 1617 424 ἢ
1654 353 1758 424 τὴν
1787 357 1886 424 τῆς

198 441 379 511 ψυχῆς
416 437 525 495 ἀπὸ
563 443 664 496 τοῦ
705 439 956 512 σώματος
1001 438 1351 512 ἀπαλλαγήν;
1397 440 1490 496 καὶ
1536 438 1680 497 εἶναι
1716 443 1886 496 τοῦτο

197 526 260 583 τὸ
307 526 604 598 τεθνάναι,
658 528 826 601 χωρὶς
879 528 980 600 μὲν
1034 527 1142 584 ἀπὸ
1196 531 1294 600 τῆς
1338 531 1518 600 ψυχῆς
1568 525 1884 600 ἀπαλλαγὲν

199 613 335 671 αὐτὸ
387 615 520 672 καθ’
577 613 713 672 αὑτὸ
763 615 826 673 τὸ
880 620 1038 688 σῶμα
1088 617 1403 688 γεγονέναι,
1453 616 1621 688 χωρὶς
1669 615 1732 673 δὲ
1779 615 1885 688 τὴν

197 703 384 776 ψυχὴν
434 703 543 761 ἀπὸ
594 708 697 761 τοῦ
752 705 1005 778 σώματος
1058 703 1468 777 ἀπαλλαγεῖσαν
1522 703 1699 777 αὐτὴν
1747 704 1878 762 καθ’

200 791 376 864 αὑτὴν
416 792 585 862 εἷναι;
640 788 750 867 ἀρα
803 793 878 867 μὴ
926 793 1063 850 ἄλλο
1109 816 1162 850 τι
1207 787 1244 868 ᾖ
1290 793 1539 860 θάνατος
1582 789 1618 865 ἢ
1665 795 1884 861 τοῦτο;’

198 879 351 953 εοῦκ,
397 880 538 939 ἀλλὰ
583 884 795 954 τοῦτο,’
843 886 965 954 ἔφη.
1015 883 1238 950 (σκέψαι
1285 882 1381 954 δή,
1436 875 1480 939 ὦ
1526 880 1732 954 ἀγαθέ,
1786 881 1881 939 ἐὰν

140 968 308 1043 Βᾶρα
344 971 438 1027 καὶ
477 971 567 1027 σοὶ
607 973 846 1044 ξυνδοκῇ
886 970 1024 1044 ἅπερ
1059 974 1194 1043 ε’μοί.
1235 973 1294 1027 έκ
1322 970 1430 1044 γὰρ
1461 969 1675 1027 τούτων
1709 976 1717 1038 Ι
1751 974 1880 1042 μᾶλ-

195 1065 297 1114 λον
338 1056 493 1130 οἶμαι
523 1056 668 1131 ἡμᾶς
699 1066 951 1115 εἴσεσθαι
981 1059 1105 1131 περὶ
1138 1052 1219 1115 ὦν
1258 1062 1588 1130 σκοποῦμεν.
1626 1063 1887 1131 φαίνεταί

197 1162 287 1201 σοι
341 1146 663 1218 φιλοσόφου
717 1145 924 1220 ἀνδρὸς
970 1144 1115 1203 εἶναι
1163 1147 1564 1203 ἐσπουδακέναι
1616 1147 1742 1220 περὶ
1786 1147 1883 1214 τὰς

196 1231 408 1305 ἡδονὰς
457 1236 803 1306 καλουμένας
851 1233 949 1301 τὰς
997 1234 1247 1306 τοιάσδε,
1302 1230 1426 1292 οἷον
1474 1239 1642 1291 σίτων
1687 1257 1745 1292 τε
1789 1236 1883 1292 καὶ

196 1324 436 1391 ποτῶν;’
478 1321 724 1394 (ἥκιστα,
773 1316 819 1379 ὦ
865 1322 1214 1395 Σώκρατες,’
1262 1327 1367 1395 ἔφη
1415 1321 1445 1380 ὁ
1492 1328 1750 1396 Σιμμίας.
1806 1326 1886 1380 ’τί

198 1412 264 1467 δέ
271 1435 284 1478 ;
315 1410 412 1477 τὰς
435 1415 549 1468 τῶν
575 1410 971 1484 ἀφροδισίων;’
1005 1411 1333 1483 (οὐδαμῶςῖ
1367 1413 1443 1467 ’τί
1470 1413 1556 1480 δέ,
1589 1410 1684 1478 τὰς
1713 1411 1883 1479 ἄλλας

195 1500 293 1566 τὰς
317 1500 444 1572 περὶ
466 1498 528 1555 τὸ
556 1504 713 1571 σῶμα
736 1503 1037 1572 θεραπείας
1061 1503 1218 1555 δοκεῖ
1237 1514 1327 1554 σοι
1353 1501 1606 1571 ἐντίμους
1622 1497 1882 1571 ἡγεῖσθαι

197 1589 226 1645 ὁ
281 1592 559 1656 τοιοῦτος;
616 1584 739 1644 οἷον
796 1591 1030 1660 ἱματίων
1085 1586 1471 1661 διαφερόντων
1524 1588 1739 1661 κτήσεις
1789 1592 1882 1646 καὶ

193 1677 569 1750 ὑποδημάτων
607 1676 701 1732 καὶ
736 1674 869 1742 τοὺς
906 1675 1110 1742 ἄλλους
1138 1673 1560 1747 καλλωπισμοὺς
1589 1675 1721 1743 τοὺς
1756 1678 1882 1751 περὶ

193 1766 255 1824 τὸ
299 1770 458 1839 σῶμα
496 1765 732 1838 πότερον
777 1767 945 1836 τιμᾶν
993 1768 1149 1820 δοκεῖ
1191 1780 1280 1821 σοι
1323 1761 1359 1836 ἢ
1400 1763 1705 1836 ἀτιμάζειν,
1743 1764 1875 1822 καθ’

137 1854 333 1914 Εὸσον
372 1854 447 1927 μὴ
483 1857 491 1926 Ι
525 1851 699 1925 πολλὴ
740 1851 955 1924 ἀνάγκη
1004 1854 1247 1924 μετέχειν
1295 1850 1527 1920 αύτῶν;’
1575 1850 1880 1925 *ἀτιμάζειν

196 1948 382 2016 ἔμοιγε
436 1943 636 2012 δοκεῑ,’
690 1945 821 2013 ἔφη,
879 1939 937 1996 ‘5'
988 1962 1052 2012 γε
1113 1938 1187 2007 ὥς
1247 1938 1475 2012 ἀληθῶς
1534 1940 1879 2014 φιλόσοφος’

196 2031 427 2088 (οὐκοῦν
468 2029 609 2095 ὅλως
649 2034 802 2086 δοκεῖ
841 2030 975 2100 σοι,’
1016 2032 1142 2100 ἔφη,
1183 2026 1243 2100 ‘2‘2
1282 2032 1383 2084 τοῦ
1414 2028 1673 2086 τοιούτου
1710 2050 1880 2102 πραγ-

195 2124 388 2192 ματειά
428 2117 497 2174 οὐ
535 2118 659 2190 περὶ
698 2115 759 2173 τὸ
794 2120 952 2188 σῶμα
984 2114 1146 2187 εἶναι,
1185 2115 1327 2172 ἀλλὰ
1357 2115 1489 2172 καθ’
1535 2115 1672 2173 ὅσον
1711 2118 1879 2175 δύνα-

194 2230 282 2282 ται
322 2205 630 2276 ἀφεστάναι
670 2204 864 2276 αὐτοῦ,
903 2205 1042 2277 πρὸς
1080 2203 1277 2275 δὲτὴν
1308 2202 1491 2276 ψυχὴν
1521 2205 1878 2277 τετράφθαι;’

195 2297 433 2367 εἔμοιγε]
476 2287 601 2365 εἀρ’
644 2287 748 2348 οὖν
779 2295 1002 2364 πρῶτον
1034 2291 1135 2363 μὲν
1168 2294 1229 2348 ἑν
1259 2302 1376 2357 τοῖς
1405 2291 1681 2358 τοιούτοις
1711 2294 1879 2365 δῆλός

125 2403 179 2444 65
199 2386 348 2440 ἐστιν
389 2380 418 2437 ὁ
459 2379 772 2452 φιλόσοφος
818 2378 1082 2436 ἀπολύων
1129 2378 1214 2435 ὅτι
1259 2381 1494 2451 μάλιστα
1521 2380 1528 2453 Ι
1553 2379 1655 2451 τὴν
1693 2381 1878 2454 ψυχὴν

195 2469 303 2528 ἀπὸ
358 2473 455 2541 τῆς
505 2471 607 2524 τοῦ
672 2468 922 2538 σώματος
980 2471 1277 2533 κοινωνίας
1334 2467 1715 2539 διαφερόντως
1764 2473 1877 2525 τῶν

195 2558 380 2615 ἄλλων
421 2555 797 2629 ἀνθρώπων;’
838 2556 1161 2626 (φαίνεται)
1210 2555 1327 2610 εκαὶ
1373 2559 1530 2611 δοκεῖ
1569 2578 1632 2627 γε
1678 2558 1876 2629 δήπου,

195 2641 239 2704 οἷ
293 2650 537 2717 Σιμμία,
587 2655 704 2709 τοῖς
752 2649 978 2707 πολλοῖς
1035 2640 1381 2713 ἀνθρώποις,
1440 2635 1486 2719 ᾦ
1543 2643 1718 2715 μηδὲν
1765 2642 1876 2715 ἡδὺ

193 2739 306 2791 τῶν
355 2732 626 2789 τοιούτων
677 2732 817 2803 μηδὲ
867 2731 1074 2802 μετέχει
1120 2728 1330 2801 αὐτῶν,
1382 2728 1484 2786 οὐκ
1530 2730 1688 2797 ἄξιον
1733 2729 1878 2788 εἶναι

197 2826 318 2895 ζῆν,
374 2818 498 2878 ἀλλ’
560 2819 722 2892 ἐγγύς
775 2841 828 2875 τι
881 2825 1082 2875 τείνειν
1135 2822 1235 2874 τοῦ
1290 2819 1560 2875 τεθνάναι
1615 2817 1644 2875 ὁ
1702 2819 1876 2892 μηδὲν

2006 1209 2020 1295 ξ
