2020 3198
213 174 318 228 102
881 145 1216 219 ΠΛΑΤῼΝΟΣ

153 290 530 363 Εάγανακτῶ,
583 290 895 364 ἡγούμενος
946 290 1144 361 κάκεῖΙ
1180 290 1349 349 οὐδὲν
1395 286 1563 364 ἦττον
1608 288 1644 364 ἢ
1693 292 1898 350 ἐνθάδε

211 379 503 447 δεσπόταις
547 401 606 437 τε
651 379 890 451 ἀγαθοῖς
935 380 1291 447 ἐντεύξεσθαι
1337 381 1430 436 καὶ
1479 381 1735 453 ἑταίροις·
1780 390 1898 445 τοῖς

210 468 272 525 δὲ
309 475 536 535 πολλοῖς
574 469 832 525 ἀπιστίαν
871 469 1115 541 παρέχει·
1155 475 1211 525 εἴ
1240 489 1294 524 τι
1333 463 1438 524 οὖν
1476 466 1612 540 ὑμῖν
1650 467 1899 525 πιθανώ-

209 557 369 630 τερός
401 560 512 628 εἰμι
546 559 606 613 ἐν
637 561 703 630 τῇ
737 555 1011 631 ἀπολογίᾳ
1042 553 1076 628 ἢ
1109 564 1225 622 τοῖς
1250 554 1567 628 Ἀθηναίων
1599 560 1899 625 δικασταῖς,

211 637 274 701 εὖ
315 641 387 700 ἂν
427 646 576 716 exoa?

359 734 503 789 XIV.
580 733 854 799 Εἰπόντος
901 732 970 805 δὴ
1017 735 1118 789 τοῦ
1164 732 1504 806 Σωκράτους
1547 736 1720 790 ταῦτα
1766 731 1900 789 ὑπο-

211 819 400 891 λαβών
434 819 463 877 6
498 821 683 892 Κέβης
714 824 843 892 ἔφη·
876 814 947 877 ‘06
981 820 1292 892 Σώκρατες,
1324 822 1391 875 τὰ
1418 820 1519 892 μὲν
1544 819 1684 877 ἄλλα
1716 825 1901 892 ἔμοιγε

141 919 197 961 70
216 913 373 965 δοκεῖ
405 912 588 974 καλῶς
626 909 914 980 λέγεσθαι,
952 907 1018 964 τὰ
1059 909 1121 965 δὲ
1152 910 1277 982 περὶ
1307 913 1403 981 τῆς
1437 914 1443 977 Ι
1478 913 1657 982 ψυχῆς
1687 906 1902 979 πολλὴν

213 996 473 1052 ἀπιστίαν
497 997 719 1070 παρέχει
741 1007 857 1062 τοῖς
881 995 1222 1069 ἀνθρώποις,
1247 995 1341 1067 μή,
1367 994 1590 1052 ἐπειδὰν
1614 993 1900 1068 ἀπαλλαγῇ

212 1088 314 1142 τοῦ
355 1085 629 1156 σώματος,
678 1084 930 1156 οὐδαμοῦ
980 1088 1060 1140 ἔτι
1104 1078 1167 1156 ᾖ,
1214 1081 1334 1140 ἀλλ’
1386 1087 1567 1158 ἐκείνῃ
1614 1087 1680 1157 τῇ
1727 1081 1901 1158 ἡμέρᾳ

216 1178 618 1246 διαφθείρηταί
658 1195 715 1230 τε
753 1173 845 1229 καὶ
892 1172 1260 1244 ἀπολλύηται,
1314 1165 1351 1245 ᾖ
1399 1169 1470 1228 ἂν
1518 1170 1547 1228 6
1603 1171 1904 1245 ἅνθρωπος

215 1261 569 1335 ἀποθνήσκῃ·
625 1259 800 1327 εὐθὺς
853 1259 1305 1332 ἀπαλλαττομένη
1360 1263 1462 1316 τοῦ
1518 1259 1768 1331 σώματος
1812 1259 1904 1315 καὶ

218 1353 552 1422 ἐκβαίνουσα
606 1348 789 1422 ὥσπερ
837 1353 1053 1421 πνεῦμα
1099 1346 1134 1420 ’ἢ
1182 1347 1392 1414 καπνὸς
1439 1352 1904 1406 διασκεδασθεῖσα

218 1446 434 1511 οἴχηται
490 1439 825 1509 διαπτομένη
873 1438 967 1493 καὶ
1014 1435 1184 1494 οὐδὲν
1231 1441 1311 1492 ἔτι
1366 1434 1618 1508 οὐδαμοῦ
1664 1430 1716 1509 ᾗ.
1771 1437 1905 1506 ἐπεί,

218 1534 369 1599 εἴπερ
418 1534 500 1599 εἴη
549 1546 658 1583 που
706 1525 843 1597 αὐτὴ
890 1523 1023 1581 καθ’
1082 1522 1258 1596 αὑτὴν
1308 1526 1762 1597 συνηθροισμένη
1813 1524 1906 1580 καὶ

219 1615 610 1687 ἀπηλλαγμένη
677 1613 892 1670 τούτων
954 1616 1066 1670 τῶν
1126 1616 1313 1669 κακῶν
1376 1606 1456 1669 ὧν
1527 1612 1596 1669 σὺ
1664 1617 1773 1669 νῦν
1836 1611 1905 1684 δὴ

167 1707 467 1774 Βδιῆλθες,
506 1700 682 1773 πολλὴ
722 1698 792 1757 ἂν
833 1701 984 1767 ἐλπὶς
1022 1708 1104 1772 εἴη
1143 1701 1236 1756 καὶ
1274 1699 1433 1772 καλή,
1475 1694 1518 1756 ὦ
1553 1708 1561 1766 Ι
1596 1700 1905 1773 Σώκρατες,

221 1790 297 1858 ὥς
343 1788 528 1862 ἀληθῆ
577 1792 725 1846 ἐστιν
772 1788 806 1845 ἃ
862 1789 932 1846 σὺ
986 1790 1182 1859 λέγεις·
1237 1786 1375 1845 ἀλλὰ
1429 1792 1593 1846 τοῦτο
1651 1788 1719 1861 δὴ
1776 1797 1907 1856 ἴσως

132 1887 142 1917 *¹
223 1878 326 1936 οὐκ
351 1878 541 1950 ὀλίγης
571 1882 929 1951 παραμυθίας
963 1882 1139 1934 δεῖται
1168 1877 1262 1933 καὶ
1292 1882 1547 1947 πίστεως,
1587 1876 1661 1943 ὡς
1700 1882 1827 1933 ἔστι.
1849 1899 1908 1934 τε

221 1967 257 2040 ἡ
297 1966 444 2040 ψυχὴ
485 1966 877 2032 ἀποθανόντος
913 1969 1014 2022 τοῦ
1047 1963 1356 2038 ἀνθρώπου
1386 1970 1484 2021 καί
1509 1987 1634 2022 τινα
1666 1966 1907 2037 δύναμιν

224 2061 333 2129 ἔχει
355 2057 448 2112 καὶ
473 2054 788 2128 φρόνησιν.’
821 2052 1068 2126 (ἀληθῆξ
1101 2058 1226 2125 ἔφη,
1260 2055 1489 2124 (λέγειςξ
1524 2051 1553 2109 6
1587 2052 1911 2126 Σωκράτης,

225 2139 289 2202 ‘05
330 2147 534 2217 Κέβης·
574 2139 712 2199 ἀλλὰ
751 2146 809 2198 τί
837 2142 906 2214 δὴ
939 2145 1211 2213 ποιῶμενς
1252 2138 1286 2212 ἢ
1319 2141 1444 2214 περὶ
1476 2139 1662 2197 αὐτῶν
1692 2140 1908 2198 τούτων

225 2233 417 2305 βούλει
465 2235 992 2305 διαμυθολογῶμεν,
1041 2238 1148 2287 εἴτε
1196 2228 1343 2295 εἰκὸς
1390 2227 1566 2295 οὕτως
1611 2233 1756 2301 ἔχειν
1803 2236 1909 2286 εἴτε

226 2321 299 2393 μή
313 2323 347 2389 3'
389 2323 579 2392 (ἔγωγε
619 2314 761 2390 οὖν,’
803 2323 908 2391 ἔφη
950 2317 978 2374 6
1016 2320 1214 2389 Κέβης,
1257 2315 1452 2388 εἡδέως
1491 2313 1562 2372 ἂν
1594 2315 1908 2388 ἀκούσαιμι,

224 2408 422 2481 ἥντινα
462 2408 632 2475 δόξαν
673 2412 810 2479 ἔχεις
840 2407 964 2479 περὶ
1004 2403 1224 2461 αὐτῶν.’
1265 2403 1493 2460 εοὔκουν
1524 2402 1576 2475 γ’
1611 2401 1684 2459 ἀν
1718 2401 1909 2476 οἶμαι,’

226 2490 261 2568 ἦ
303 2494 355 2552 δ’
408 2494 470 2562 ὃς
519 2494 548 2551 6
597 2494 925 2567 Σωκράτης,
982 2496 1183 2548 (εἰπεῖν
1238 2513 1364 2547 τινα
1417 2494 1525 2547 νῦν
1572 2490 1909 2563 ἀκούσαντα,

178 2582 350 2642 Οούδ’
395 2586 446 2640 εἰ
477 2589 484 2650 Ι
518 2580 938 2658 κωμῳδιοποιὸς
971 2588 1074 2652 εἴη,
1115 2578 1189 2646 ὥς
1228 2578 1507 2651 ἀδολεσχῶ
1547 2580 1639 2635 καὶ
1679 2579 1747 2636 οὐ
1786 2581 1910 2653 περὶ

2015 1308 2020 1317 ,
2016 1263 2020 1270 ,
2017 1238 2020 1242 .
2008 967 2020 1218 .-.ιι-...ΔΛ-’Δρ-ι,

228 2670 624 2747 προσηκόντων
662 2670 794 2737 τοὺς
831 2669 1034 2741 λόγους
1058 2671 1339 2739 ποιοῦμαι.
1379 2669 1430 2723 εἰ
1454 2661 1559 2723 οὖν
1599 2671 1768 2739 δοκεῖ,
1807 2667 1909 2739 χρὴ
2007 2683 2015 2745 ¹<

230 2765 672 2818 διασκοπεῖσθαι.

376 2850 493 2905 XV.
570 2846 921 2918 Σκεψώμεθα
962 2846 1023 2902 δὲ
1073 2843 1207 2901 αὐτὸ
1248 2844 1383 2916 τῇδέ
1416 2862 1515 2917 πῃ,
1565 2842 1659 2900 εἴτ’
1706 2842 1812 2915 ἄρα
1852 2846 1913 2899 ἐν
1983 2835 2013 2929 d*
