2020 3198
247 167 318 217 74
906 168 1243 212 ΠΛΑΤΩΝΟΣ

245 283 600 355 ἐκκεχυμέναι
645 286 813 354 εἰσίν,
859 285 952 339 καὶ
997 284 1192 355 πάλαι,
1242 278 1287 341 ῶ
1334 289 1584 358 Κρίτων,
1632 283 1742 358 ἄρα
1785 292 1933 358 τηλι-
2004 362 2007 363 ᾖ

190 374 398 426 Βκοίδε
449 373 706 444 γέροντες
759 370 963 445 ἄνδρες
1015 372 1152 446 πρὸς
1198 371 1475 445 ἀλλήλους
1521 377 1779 446 σπουδῇ]
1814 377 1933 430 δια-

244 458 535 530 λεγόμενοι
575 459 851 532 ἐλάθομεν
897 459 1040 533 ἡμᾶς
1091 460 1295 528 αὐτοὺς
1345 465 1562 518 παίδων
1609 461 1778 519 οὐδὲν
1818 466 1932 520 δια-

245 549 535 620 φέροντες;
582 547 616 620 ἢ
663 548 869 616 παντὸς
915 554 1129 621 μᾶλλον
1178 550 1354 617 οὕτως
1393 556 1527 624 ἔχει,
1581 550 1763 624 ῶσπερ
1808 551 1933 609 τότε

245 637 458 708 ἐλέγετο
498 635 658 709 ἡμῖν,
707 644 814 694 εἴτε
852 640 1026 710 φασὶν
1067 641 1125 695 οἱ
1159 639 1356 696 πολλοὶ
1403 647 1510 696 εἴτε
1548 639 1648 712 μή,
1693 640 1786 696 καὶ
1825 647 1934 698 εἴτε

246 726 335 780 δεῖ
361 723 504 796 ἡμᾶς
535 729 614 781 ἔτι
643 728 823 782 τῶνδε
854 726 1203 799 χαλεπώτερα
1234 727 1466 799 πάσχειν
1499 734 1606 785 εἴτε
1638 730 1731 785 καὶ
1761 729 1933 804 πραό-
2008 747 2020 770 ᾖ

242 833 391 885 τερα,
432 811 580 884 ὅμως
617 813 680 870 τό
719 836 782 885 γε
820 812 1034 870 ἀδικεῖν
1071 818 1147 891 τῷ
1189 816 1474 871 ἀδικοῦντι
1511 816 1605 871 καὶ
1634 816 1809 874 κακὸν
1839 818 1933 874 καὶ
2008 802 2020 847 '7

245 898 476 972 αἰσχρὸν
514 901 776 973 τυγχάνει
815 899 882 958 ὃν
921 903 1085 958 παντὶ
1122 903 1333 979 τρόπῳ;
1374 903 1558 975 φαμὲν
1595 900 1631 976 ἢ
1673 903 1768 973 οὕς
2005 855 2020 972 i

390 998 482 1040 ΚΡ.
549 991 754 1061 Φαμέν.
2004 973 2020 1116 ¹

391 1086 487 1129 ΣΩ.
554 1077 828 1150 Οὐδαμῶς
866 1079 975 1153 ἄρα
1015 1084 1103 1136 δεῖ
1139 1078 1370 1137 ἀδικεῖν.
2005 1098 2020 1165 ’ᾗ

390 1176 480 1218 ΚΡ.
547 1165 630 1223 Οὐ
671 1171 825 1239 δῆτα.
2018 1242 2020 1248 ᾖ

391 1264 486 1307 Σῼ.
553 1254 703 1312 Οὐδὲ
755 1255 1129 1327 ἀδικούμενον
1191 1256 1300 1330 ἄρα
1355 1255 1698 1330 ἀνταδικεῖν,
1753 1257 1828 1325 ῶς
1877 1261 1936 1315 ot
2009 1252 2020 1333 ᾖξ’

188 1343 440 1398 Οπολλοὶ
480 1351 712 1415 οἴονται,
754 1344 941 1415 ἐπειδή
981 1366 1042 1416 γε
1083 1343 1342 1417 οὐδαμῶς
1382 1350 1471 1402 δεῖ
1500 1349 1507 1417 Ι
1541 1345 1771 1403 ἀδικεῖν.

389 1443 480 1485 ΚΡ.
547 1431 632 1489 Οὐ
670 1438 940 1504 φαίνεται.

389 1528 484 1573 ΣΩ.
555 1525 626 1575 Τί
660 1520 723 1576 δὲ
763 1520 857 1591 δή;
896 1533 1228 1593 κακουργεῖν
1262 1526 1363 1593 δεῖ,
1405 1516 1448 1578 ῶ
1481 1527 1725 1595 Κρίτων,
1765 1520 1800 1594 ἢ
1836 1523 1930 1593 οὕς

388 1618 479 1660 ΚΡ.
545 1608 628 1664 Οὐ
669 1611 757 1664 δεῖ
793 1608 992 1680 δήπου,
1035 1603 1077 1664 ῶ
1119 1609 1426 1683 Σώκρατες.

388 1705 485 1750 ΣΩ.
553 1701 624 1751 Τί
658 1697 744 1764 δέ,
794 1695 1252 1769 ἀντικακουργεῖν
1290 1701 1470 1763 κακῶς
1507 1697 1815 1771 πάσχοντα,
1855 1699 1931 1767 ῶς

242 1784 302 1839 οἰ
335 1787 539 1838 πολλοί
573 1799 765 1855 φασιν,
807 1787 1025 1840 δίκαιον
1065 1780 1099 1855 ἢ
1142 1782 1209 1839 οὐ
1251 1786 1499 1846 δίκαιον;

388 1883 478 1925 ΚΡ.
545 1871 833 1944 Οὐδαμῶς.

388 1969 484 2012 ΣΩ.
553 1959 628 2016 Τὸ
676 1960 784 2032 γάρ
830 1979 940 2016 που
985 1963 1166 2026 κακῶς
1211 1970 1393 2016 ποιεῖν
1444 1958 1784 2033 ἀνθρώπους
1826 1966 1930 2020 τοῦ
2010 1986 2020 2032 ζ

241 2048 457 2106 ἀδικεῖν
499 2047 669 2105 οὐδὲν
710 2050 976 2122 διαφέρει.
2010 2049 2020 2060 ”

387 2146 478 2188 ΚΡ.
536 2134 745 2207 Ἀληθῆ
785 2138 975 2207 λέγεις.

388 2233 483 2278 ΣΩ.
550 2224 693 2281 Οὔτε
732 2224 841 2298 ἄρα
881 2223 1199 2282 ἀνταδικεῖν
1240 2229 1329 2281 δεῖ
1366 2224 1492 2283 οὔτε
1528 2231 1710 2293 κακῶς
1747 2238 1928 2283 ποιεῖν
2010 2248 2018 2256 ·

242 2311 448 2369 οὐδένα
488 2311 827 2386 ἀνθρώπων,
869 2312 992 2369 οὐδ’
1038 2311 1110 2369 ἂν
1149 2312 1342 2370 ὁτιοῦν
1381 2315 1562 2389 πάσχῃ
1594 2313 1690 2371 ὑπ’
1727 2313 1927 2372 αὐτῶν.

239 2401 332 2456 καὶ
380 2399 512 2473 ὅρα,
561 2404 603 2457 ῶ
653 2405 905 2473 Κρίτων,
958 2404 1130 2457 ταῦτα
1175 2407 1609 2473 καθομολογῶν,
1661 2400 1807 2468 ὅπως
1852 2401 1927 2474 μὴ

180 2486 386 2561 Βπαρά
422 2492 429 2560 Ι
465 2488 636 2554 δόξαν
693 2487 981 2561 ὁμολογῇς.
1061 2486 1188 2544 οῖδα
1240 2487 1375 2561 γάρ,
1433 2487 1516 2544 ὅτι
1564 2488 1773 2561 ὀλίγοις
1817 2489 1929 2546 τισὶ

238 2580 410 2632 ταῦτα
463 2576 556 2630 καὶ
611 2580 767 2632 δοκεῖ
815 2576 908 2631 καὶ
957 2576 1119 2642 δόξει.
1198 2571 1281 2641 οἷς
1329 2570 1433 2632 οὖν
1482 2575 1626 2633 οὕτω
1675 2579 1930 2634 δέδοκται

238 2665 330 2720 καὶ
393 2658 477 2729 οἷς
537 2663 638 2735 μή,
699 2662 919 2729 τούτοις
981 2661 1083 2718 οὐκ
1137 2667 1251 2718 ἔστι
1304 2662 1464 2736 κοινὴ
1521 2665 1724 2737 βουλή,
1787 2664 1927 2722 ἀλλὰ

239 2750 453 2823 ἀνάγκη
509 2751 742 2816 τούτους
796 2750 1054 2822 ἀλλήλων
1107 2763 1508 2824 καταφρονεῖν,
1566 2751 1813 2825 ὁρῶντας
1861 2751 1929 2808 τὰ

240 2840 496 2912 ἀλλήλων
536 2839 898 2910 βουλεύματα.
976 2839 1167 2895 σκόπει
1200 2838 1269 2911 δὴ
1303 2834 1409 2896 οὖν
1440 2841 1533 2896 καὶ
1566 2840 1635 2897 σὺ
1667 2835 1731 2897 εὖ
1762 2841 1929 2912 μάλα,
