2020 3198
207 155 314 208 154
868 156 1207 200 ΠΛΑΤΩΝΟΣ

202 270 269 328 τὰ
322 275 448 344 τρία
498 273 593 328 καὶ
639 269 971 328 ἀπολεῖσθαι
1025 271 1298 346 πρότερον
1352 272 1446 328 καὶ
1499 271 1636 329 ἄλλο
1691 271 1885 330 ὁτιοῦν

202 364 518 430 πείσεσθαι,
557 360 690 433 πρὶν
726 358 1023 432 ὑπομεῖναι
1068 364 1148 416 ἔτι
1191 365 1317 433 τρία
1363 358 1499 416 ὄντα
1537 359 1701 433 ἀρτια
1736 363 1888 432 γενέ-

205 450 386 515 σθαι;’
438 447 607 503 “πάνυ
656 448 758 520 μὲν
808 442 952 519 οὗν,’
1006 453 1111 520 ἔφη
1165 446 1193 504 ὁ
1247 450 1444 521 Κέβης.
1533 448 1690 506 εοὐδὲ
1737 449 1886 521 μήν,’

203 529 239 607 ἦ
291 533 343 591 δ’
399 534 484 608 ὅς,
540 538 816 593 ε«ἐναντίον
868 538 935 608 γέ
984 538 1097 593 ἐστι
1152 536 1291 603 δυὰς
1342 536 1563 610 τριάδι.’
1639 535 1730 594 ὀὐ
1779 535 1887 610 γὰρ

206 617 345 680 οὖν.’
423 621 546 680 εοὐκ
583 623 692 697 ἄρα
730 623 912 696 μόνον
947 623 1015 681 τὰ
1062 628 1182 696 εἴδη
1229 623 1297 681 τοὶ
1346 627 1570 682 ἐναντία
1617 623 1719 697 οὐχ
1755 623 1888 682 ὑπο-

121 723 124 727 ’
204 713 358 783 μένει
397 712 623 768 ἐπιόντα
659 710 888 782 ἄλληλα,
926 710 1066 768 ἀλλὰ
1104 713 1197 768 καὶ
1237 711 1357 769 ἀλλ’
1394 712 1529 770 ἅττα
1566 712 1634 769 τὰ
1666 714 1890 770 ἐναντία

207 797 311 871 οὐχ
347 797 614 870 ὑπομένει
651 798 912 855 ἐπιόντα.’
990 796 1395 870 (ἀληθέσταταξ
1435 804 1560 873 ἔφη,
1601 802 1826 872 ‘Mysos-⁹

353 889 495 942 LIII.
572 888 795 943 εΒούλει
834 881 976 958 οὗν,’
1023 881 1058 958 ἦ
1099 884 1151 942 δ’
1195 886 1273 958 ὅς,
1322 886 1442 944 “ἐάν
1483 884 1600 944 οἷοί
1631 887 1679 945 τ’
1723 883 1890 961 ὦμεν,

208 972 549 1048 ὁρισώμεθα,
589 973 755 1032 ὁποῖα
785 975 956 1031 ταῦτά
987 976 1182 1042 ἐστιν;’
1223 975 1390 1032 “πάνυ
1427 978 1523 1047 γε.’
1592 970 1701 1049 εἀρ’
1746 972 1890 1049 οὖν,’

148 1066 333 1134 Βέφη,
369 1068 377 1130 Ι
412 1055 476 1118 (ὦ
509 1063 720 1134 Κέβης,
758 1063 892 1120 τάδε
929 1070 1013 1135 εἴη
1054 1062 1152 1135 ἄν,
1192 1061 1227 1119 ἃ
1267 1062 1354 1119 ὅτι
1399 1060 1469 1119 ἂν
1507 1065 1775 1140 κατάσχῃ,
1815 1065 1890 1137 μὴ

208 1150 386 1222 μόνον
425 1147 719 1221 ἀναγκάζει
755 1151 859 1223 τὴν
907 1150 1080 1208 αὑτοῦ
1120 1152 1278 1207 ἰδέαν
1326 1149 1460 1209 αὐτὸ
1509 1159 1710 1225 ἴσχειν,
1750 1152 1892 1210 ἀλλὰ

206 1239 299 1294 καὶ
324 1241 582 1295 ἐναντίου
606 1238 755 1316 αὐτῷ
789 1244 878 1296 δεῖ
895 1241 1092 1306 τινος;’
1126 1241 1259 1305 επῶς
1282 1241 1501 1311 λέγεις;’
1542 1239 1744 1314 (ὥσπερ
1768 1240 1893 1314 ἄρτι

208 1327 482 1399 ἐλέγομεν.
559 1325 732 1383 οἶσθα
768 1326 875 1400 γὰρ
923 1328 1125 1399 δήπου,
1173 1326 1259 1384 ὅτι
1304 1325 1340 1383 ἃ
1379 1324 1452 1383 ἂν
1495 1326 1530 1399 ἡ
1570 1331 1683 1384 τῶν
1721 1334 1893 1399 τριῶν

209 1417 331 1472 ἰδέα
380 1416 650 1490 κατάσχῃ,
698 1416 910 1488 ἀνάγκη
950 1415 1139 1483 αὐτοῖς
1187 1414 1254 1473 οὐ
1303 1416 1481 1488 μόνον
1526 1417 1709 1488 τρισὶν
1747 1416 1895 1475 εἷναι

209 1503 349 1560 ἀλλά
389 1506 482 1560 καὶ
521 1507 829 1579 περιττοῖς.’
892 1504 1060 1561 “πάνυ
1098 1506 1195 1576 γε.’
1259 1506 1366 1560 εἐπὶ
1403 1504 1465 1561 τὸ
1506 1508 1765 1562 τοιοῦτον
1805 1507 1894 1579 δή,

209 1595 410 1663 φαμέν,
448 1591 483 1664 ἡ
523 1594 749 1649 ἐναντία
787 1594 909 1650 ἰδέα
956 1595 1135 1667 ἐκείνῃ
1181 1595 1247 1666 τῇ
1292 1595 1501 1665 μορφῇ,
1547 1589 1583 1664 ἢ
1622 1589 1692 1648 ἂν
1729 1597 1894 1651 τοῦτο

210 1678 593 1753 ἀπεργάζηται,
627 1678 882 1738 οὐδέποτ’
912 1678 986 1737 ἂν
1017 1682 1210 1738 §wod
1274 1678 1365 1736 εοὐ
1393 1680 1535 1753 γάρ.’
1599 1681 1893 1754 “είργάζετο

211 1769 277 1824 δέ
316 1791 380 1839 γε
426 1766 461 1841 ἡ
509 1769 732 1843 περιττή
745 1771 779 1837 ;’
835 1771 982 1825 ‘vad'
1061 1771 1307 1826 εἐναντία
1358 1767 1421 1824 δὲ
1473 1768 1643 1841 ταύτῃ
1697 1767 1733 1840 ἡ
1793 1774 1896 1826 τοῦ

154 1855 449 1928 Εάρτίου;’
489 1859 637 1913 ‘vani'
715 1858 823 1913 εἐπὶ
859 1855 928 1913 τὰ
962 1862 969 1926 Ι
1002 1861 1127 1929 τρία
1174 1855 1282 1929 ἄρα
1327 1854 1362 1927 ἡ
1399 1859 1502 1912 τοῦ
1542 1853 1735 1929 ἀρτίου
1774 1858 1896 1913 ἰδέα

210 1943 476 2002 οὐδέποτε
522 1943 672 2017 ἥξειῖ
758 1943 847 2001 εοὐ
894 1946 1067 2017 δῆτα.’
1152 1943 1379 2017 ’ἄμοιρα
1426 1944 1496 2015 δὴ
1543 1946 1646 2000 τοῦ
1700 1942 1896 2016 ἀρτίου

207 2033 276 2089 τὰ
320 2034 479 2107 τρία.’
565 2032 823 2106 “ἄμοιρα.’
902 2030 1191 2106 εἀνάρτιος
1236 2031 1347 2105 ἄρα
1400 2030 1435 2104 ἡ
1482 2031 1671 2103 τριάς.’
1748 2034 1896 2089 ‘vah’

210 2120 261 2178 Ἥ
306 2125 503 2178 τοίνυν
549 2126 742 2192 ἔλεγον
789 2119 1115 2194 ὁρίσασθαι,
1172 2131 1304 2177 ποῖα
1350 2117 1454 2178 οὐκ
1507 2121 1732 2176 ἐναντία
1783 2121 1897 2177 τινὶ

211 2208 348 2265 ὄντα
388 2208 538 2281 ὅμως
576 2207 644 2265 οὐ
683 2210 897 2281 δέχεται
943 2207 1078 2264 αὐτὸ
1123 2207 1186 2264 τὸ
1227 2209 1513 2278 ἐναντίον,
1554 2203 1678 2263 οἷον
1714 2210 1824 2264 νῦν
1861 2205 1896 2280 ἡ

209 2296 365 2370 τριὰς
408 2302 483 2374 τῷ
533 2296 704 2372 ἀρτίῳ
757 2294 859 2353 οὐκ
907 2290 1050 2353 οὖσα
1095 2298 1320 2352 ἐναντία
1375 2294 1544 2352 οὐδέν
1587 2316 1642 2351 τι
1686 2300 1897 2367 μᾶλλον

211 2384 346 2441 αὐτὸ
390 2385 621 2456 δέχεται,
659 2383 721 2439 τὸ
761 2383 867 2455 γὰρ
909 2385 1164 2440 ἐναντίον
1196 2382 1284 2438 ἀεὶ
1315 2381 1465 2459 αὐτῷ
1506 2384 1769 2455 ἐπιφέρει,
1806 2385 1898 2439 καὶ

125 2472 244 2544 105ἡ
287 2471 424 2537 δυὰς
460 2475 535 2548 τῷ
574 2475 806 2547 περιττῷ
846 2472 939 2527 καὶ
983 2470 1046 2527 τὸ
1084 2474 1196 2543 πῦρ
1242 2474 1318 2547 τῷ
1359 2474 1552 2546 ψυχρῷ
1591 2471 1684 2526 καὶ
1718 2475 1725 2538 Ι
1760 2469 1899 2527 ἀλλα

209 2560 502 2633 πάμπολλα
544 2593 608 2600 -
651 2557 771 2615 ἀλλ’
816 2558 921 2632 ὅρα
962 2558 1049 2630 δή,
1089 2563 1140 2614 εί
1180 2557 1357 2625 οὕτως
1388 2556 1571 2630 ὁρίζει,
1611 2557 1685 2630 μὴ
1723 2558 1900 2631 μόνον

210 2648 272 2705 τὸ
307 2651 563 2705 ἐναντίον
595 2645 656 2703 τὸ
691 2649 947 2703 ἐναντίον
979 2645 1052 2718 μὴ
1087 2648 1366 2718 δέχεσθαι,
1409 2645 1548 2702 ἀλλὰ
1578 2647 1671 2703 καὶ
1703 2648 1900 2716 ἐκεῖνο,

212 2736 241 2794 ὃ
281 2734 353 2793 ἄν
393 2735 626 2808 ἐπιφέρῃ
665 2757 717 2791 τι
750 2737 1009 2791 ἐναντίον
1042 2735 1253 2809 ἐκείνςο,
1295 2731 1384 2805 ἐφ’
1429 2732 1514 2790 ὅτι
1553 2731 1625 2790 ἄν
1658 2731 1794 2790 αὐτὸ
1826 2739 1901 2806 ἴῃ,

211 2823 347 2881 αὐτὸ
388 2823 451 2881 τὸ
492 2824 757 2895 ἐπιφέρον
794 2821 898 2895 τὴν
942 2825 1045 2879 τοῦ
1093 2822 1498 2895 ἐπιφερομένου
1545 2821 1900 2887 ἐναντιότητα
