2020 3198
837 126 1080 170 ΦΑΙΔΩΝ.
1689 123 1797 176 135

263 245 402 301 XLI.
473 242 614 301 Ἀλλ’
660 245 845 315 ίτέον,’
877 247 998 315 ἔφη.
1060 242 1300 316 ’πρῶτόν
1333 265 1399 314 με
1421 240 1798 313 ὑπομνήσατε,

52 368 62 371 -
114 329 151 386 ἃ
207 333 439 405 ἐλέγετε,
496 332 593 389 ἐὰν
647 331 720 404 μὴ
776 336 1061 404 φαίνωμαι
1114 332 1472 402 μεμνημένος.
1557 332 1799 401 Σιμμίας

116 419 219 491 μὲν
256 420 390 492 γάρ,
438 418 511 487 ὡς
551 414 781 497 ἐγῷμαι,
828 418 1048 475 ἀπιστεῖ
1089 438 1147 473 τε
1190 418 1283 473 καὶ
1322 422 1600 489 φοβεῖται,
1649 416 1722 488 μὴ
1763 414 1797 488 ἡ

117 506 265 580 ψυχὴ
314 507 462 580 ὅμως
506 509 598 565 καὶ
644 507 938 579 θειότερον
985 507 1078 562 καὶ
1122 505 1352 562 κάλλιον
1400 502 1469 561 ὂν
1514 509 1615 562 τοῦ
1649 510 1658 572 Ι
1693 507 1851 561 σοί-Ι)

118 617 287 666 ματος
324 596 773 669 προαπολλύηται
813 598 874 652 ἐν
913 593 1183 669 ἁρμονίας
1230 598 1365 650 εἴδει
1405 586 1569 649 οὖσα·
1618 594 1801 664 Κέβης

118 685 185 739 δέ
219 706 313 756 μοι
353 686 506 752 ἔδοξε
542 688 707 741 τοῦτο
748 683 849 755 μὲν
897 683 1019 754 ἐμοὶ
1058 693 1389 756 συγχωρεῖν,
1428 680 1802 753 πολυχρονιώ-

117 771 282 843 τερόν
334 794 398 844 γε
447 769 590 828 εἶναι
648 770 833 843 ψυχὴν
892 770 1167 843 σώματος,
1215 768 1355 826 ἀλλὰ
1407 768 1538 825 τόδε
1591 767 1802 840 ἄδηλον

118 866 300 931 παντί,
340 859 414 933 μὴ
439 859 616 917 πολλὰ
642 859 712 931 δὴ
747 859 972 931 σώματα
1001 859 1095 915 καὶ
1125 858 1387 924 πολλάκις
1423 862 1803 929 κατατρίψασα

117 946 152 1019 ἡ
204 947 352 1021 ψυχὴ
404 947 466 1005 τὸ
511 954 830 1004 τελευταῖον
878 952 1035 1019 σῶμα
1079 949 1457 1003 καταλιποῦσα
1505 948 1614 1001 νῦν
1661 943 1801 1016 αὕτη

119 1035 481 1108 ἀπολλύηται,
513 1036 606 1092 καὶ
634 1029 670 1110 ᾖ
697 1033 831 1092 αὐτὸ
858 1039 1022 1092 τοῦτο
1056 1034 1320 1105 θάνατος,
1346 1037 1526 1106 ψυχῆς
1550 1032 1804 1106 ὄλεθρος,

121 1125 235 1181 ἐπεὶ
275 1124 431 1196 σῶμά
478 1146 541 1196 γε
588 1123 675 1181 ἀεὶ
722 1123 1112 1196 ἀπολλύμενον
1160 1122 1329 1180 οὐδὲν
1375 1124 1619 1178 παύεται.
1696 1115 1803 1194 ἆρα

121 1210 243 1268 ἄλλ’
287 1209 321 1284 ἢ
360 1210 512 1268 ταῦτ’
565 1214 744 1283 ἐστίν,
792 1205 838 1268 ὦ
883 1217 1099 1284 Σιμμία
1145 1234 1202 1268 τε
1247 1210 1340 1266 καὶ
1386 1211 1595 1281 Κέβης,
1645 1206 1680 1265 ἃ
1721 1213 1809 1266 δεῖ

120 1299 264 1372 ἡμᾶς
303 1302 768 1369 ἐπισκοπεῖσθαι;’
810 1304 1292 1372 συνωμολογείτην
1325 1298 1394 1369 δὴ
1430 1304 1439 1365 Ι
1470 1294 1618 1353 ταῦτ’
1661 1296 1857 1353 εἷναιΕ

121 1387 303 1460 ἄμφω.
388 1387 643 1459 “πότερον
692 1381 838 1459 οὖν,’
895 1392 1027 1460 ἔφη,
1084 1386 1311 1452 επάντας
1350 1383 1481 1451 τοὺς
1528 1390 1808 1458 ἔμπροσθε

122 1475 325 1547 λόγους
379 1473 483 1531 οὐκ
536 1474 901 1548 ἀποδέχεσθε,
955 1472 992 1547 ἢ
1047 1472 1178 1541 τούς
1233 1475 1360 1546 μέν,
1408 1472 1542 1539 τοὺς
1588 1473 1641 1529 δ’
1694 1472 1806 1540 οὔ;’

123 1562 271 1631 “τοὺς
309 1565 450 1636 μέν,’
490 1563 718 1637 ἐφάτην,
766 1563 917 1630 ετοὺς
956 1561 1008 1619 δ’
1053 1562 1157 1619 0ὔῖ
1235 1563 1311 1618 (τί
1355 1554 1499 1632 οὖν,’
1546 1554 1587 1632 ἦ
1633 1559 1685 1617 δ’
1730 1560 1808 1634 ὅς,

124 1651 266 1723 “περὶ
321 1654 536 1709 ἐκείνου
588 1655 689 1708 τοῦ
744 1651 919 1723 λόγου
968 1652 1175 1722 λέγετε,
1228 1652 1289 1707 ἐν
1342 1642 1387 1726 ᾧ
1438 1653 1650 1721 ἔφαμεν
1706 1648 1810 1721 τὴν

123 1739 372 1811 μάθησιν
413 1737 731 1811 ἀνάμνησιν
764 1738 934 1810 εἶναι,
979 1739 1072 1794 καὶ
1117 1738 1321 1794 τούτου
1368 1735 1545 1802 οὕτως
1591 1741 1812 1809 ἔχοντος

123 1825 438 1898 ἀναγκαίως
494 1831 639 1898 ἔχειν
694 1825 900 1882 ἄλλοθι
961 1826 1232 1899 πρότερον
1296 1822 1456 1895 ἡμῶν
1511 1822 1656 1880 εἶναι
1707 1823 1810 1896 τὴν

125 1914 334 1986 ψυχήν,
384 1914 516 1987 πρὶν
564 1917 624 1970 ἐν
670 1917 746 1990 τῷ
789 1921 797 1982 Ι
840 1914 1050 1986 σώματι
1104 1915 1446 1985 ἐνδεθῆναι;’
1495 1911 1621 1983 τἐγὼ
1669 1914 1884 1984 μέν,’92

22 2040 37 2052 .
127 2005 232 2073 ἔφη
275 1999 303 2056 ὁ
345 2003 555 2072 Κέβης,
597 2001 709 2056 εκαὶ
745 2001 870 2058 τότε
908 2004 1244 2072 θαυμαστῶς
1283 1998 1358 2067 ὡς
1403 2002 1670 2071 ἐπείσθην
1708 1997 1807 2056 ὑπ’

126 2089 303 2144 αὐτοῦ
341 2088 435 2143 καὶ
473 2091 582 2144 νῦν
622 2089 836 2159 ἐμμένω
888 2087 961 2155 ὡς
1010 2087 1202 2145 οὐδενὶ
1248 2087 1428 2162 λόγω.’
1506 2089 1618 2143 εκαὶ
1662 2087 1811 2161 μήν,’

130 2181 235 2247 ἔφη
278 2173 307 2231 ὃ
350 2180 608 2247 Σιμμίας,
660 2176 771 2231 ‘nal
811 2174 978 2242 αὐτὸς
1024 2174 1199 2240 οὕτως
1246 2180 1376 2247 ἔχω,
1422 2176 1514 2231 καὶ
1553 2175 1703 2232 πάνυ
1742 2173 1811 2233 ἂν

112 2262 485 2334 θαυμάζοιμι,
527 2269 583 2319 εἴ
615 2285 709 2334 μοι
746 2268 877 2337 περί
903 2285 966 2335 γε
996 2263 1198 2319 τούτου
1230 2261 1369 2317 ἄλλα
1400 2263 1532 2319 ποτε
1565 2263 1812 2329 δόξειεν.’

125 2352 217 2407 καὶ
272 2349 301 2407 ὁ
354 2350 678 2423 Σωκράτης·
734 2350 894 2407 ’ἀλλὰ
954 2351 1168 2423 ἀνάγκη
1225 2353 1352 2421 σοι,’
1402 2355 1534 2423 ἔφη,
1584 2345 1648 2407 (ὦ
1696 2353 1814 2419 ξένε

126 2445 353 2510 Θηβαῖε,
394 2437 535 2494 ἄλλα
575 2438 823 2510 δοξάσαι,
867 2438 1068 2510 ἐάνπερ
1108 2443 1267 2511 μείνῃ
1300 2436 1401 2509 ἥδε
1439 2437 1474 2509 ἡ
1517 2446 1711 2510 οἴησις,
1750 2437 1812 2495 τὸ

125 2524 405 2597 ἁρμονίαν
444 2525 545 2596 μὲν
585 2524 731 2582 εἶναι
776 2526 1055 2582 σύνθετον
1093 2529 1344 2598 πρᾶγμα,
1391 2525 1577 2598 ψυχὴν
1618 2526 1682 2583 δὲ
1719 2524 1813 2599 ἆρ-

127 2617 332 2685 μονίαν
355 2611 480 2667 τινὰ
523 2615 581 2669 ἐκ
603 2617 719 2670 τῶν
750 2613 887 2670 κατὰ
921 2613 983 2670 τὸ
1016 2617 1175 2684 σῶμα
1201 2615 1576 2684 ἐντεταμένων
1601 2625 1814 2684 συγκεῖ-

127 2709 278 2756 σθαι.
357 2698 424 2755 οὐ
463 2699 569 2771 γάρ
607 2721 716 2756 που
755 2700 1011 2767 ἀποδέξει
1041 2722 1103 2771 γε
1135 2702 1344 2755 σαυτοῦ
1379 2707 1387 2767 Ι
1421 2701 1696 2770 λέγοντος,
1737 2698 1864 2765 ὦςΒ

125 2787 399 2861 πρότερον
437 2780 510 2859 ἦν
557 2784 796 2860 ἁρμονία
842 2788 1195 2858 συγκειμένη,
1242 2787 1374 2857 πρὶν
1423 2788 1603 2841 ἐκεῖνα
1650 2784 1813 2849 εἶναι,
