2020 3198
838 156 1081 202 ΦΑΙΔΩΝ.
1691 152 1796 205 129

116 277 223 341 πᾶς
252 273 359 348 γὰρ
391 271 464 331 ἄν
493 273 786 345 ὑπολάβοι,
821 272 905 329 ὅτι
937 272 1139 344 εὔηθες
1168 273 1313 343 λέγει
1346 270 1375 328 ὁ
1407 275 1572 327 τοῦτο
1597 272 1797 342 λέγων·

4 376 7 377 ’
40 390 52 393 ·
119 359 149 417 ὁ
189 360 295 435 γὰρ
334 360 587 433 ὑφάντης
626 355 788 427 οὗτος
824 359 1001 417 πολλὰ
1039 365 1376 431 κατατρίψας
1412 363 1641 415 τοιαῦτα
1674 358 1798 430 ἱμά-

115 473 207 506 τια
258 451 351 506 καὶ
403 449 763 523 ὑφηνάμενος
809 450 1036 505 ἐκείνων
1083 448 1184 520 μὲν
1229 447 1459 520 ὕστερος
1508 446 1798 503 ἀπόλωλεν

117 543 340 595 πολλῶν
380 537 586 609 ὅντων,
630 540 732 594 τοῦ
779 537 841 593 δὲ
874 543 882 604 Ι
914 541 1256 607 τελευταίου,
1297 534 1475 606 οἶμαι,
1513 536 1857 609 πρότερος,1)

117 627 210 682 καὶ
264 625 431 683 οὐδέν
481 649 535 682 τι
580 629 791 697 μᾶλλον
840 624 1044 682 τούτου
1095 626 1255 680 ἕνεκα
1302 622 1603 697 ἅνθρωπός
1650 626 1798 679 ἐστιν

120 718 342 786 ἱματίου
388 713 735 787 φαυλότερον
782 711 906 770 οὐδ’
965 712 1386 786 ἀσθενέστερον.
1469 711 1571 783 τὴν
1621 710 1798 783 αὐτὴν

119 804 199 874 δέ,
241 801 412 875 οἶμαι,
453 803 640 859 εἰκόνα
679 801 878 869 δέξαιτ’
922 798 994 858 ἂν
1024 801 1172 873 ψυχὴ
1205 800 1344 875 πρὸς
1382 804 1557 872 σῶμα,
1596 805 1695 856 καί
1719 821 1801 865 τις

118 892 295 962 λέγων
333 888 474 946 αὐτὰ
512 893 684 946 ταῦτα
714 890 838 962 περὶ
870 888 1056 946 αὐτῶν
1088 887 1260 962 μέτρι’
1304 887 1376 945 ἄν
1408 910 1502 960 μοι
1541 893 1799 961 φαίνοιτο

118 980 318 1050 λέγειν,
358 976 432 1043 ὡς
469 976 503 1050 ἡ
545 978 645 1049 μὲν
683 977 831 1050 ψυχὴ
864 976 1236 1049 πολυχρόνιόν
1269 978 1400 1047 ἐστι,
1440 975 1502 1031 τὸ
1544 977 1606 1032 δὲ
1644 980 1802 1048 σῶμα

121 1066 526 1138 ἀσθενέστερον
557 1066 649 1120 καὶ
674 1063 1225 1138 ὀλιγοχρονιώτερον·
1264 1062 1405 1119 ἀλλὰ
1427 1063 1535 1136 γὰρ
1561 1061 1631 1120 ἂν
1663 1069 1800 1136 φαίη

121 1154 357 1225 ἑκάστην
388 1157 501 1209 τῶν
532 1157 727 1225 ψυχεόν
759 1152 934 1209 πολλὰ
967 1153 1191 1223 σώματα
1220 1157 1586 1225 κατατρίβειν,
1626 1151 1804 1218 ἄλλως

119 1264 178 1299 τε
214 1243 307 1297 καὶ
346 1245 397 1297 εἰ
432 1240 607 1298 πολλὰ
655 1245 746 1312 ἔτη
786 1241 947 1318 βιῴη·
996 1245 1047 1297 εἰ
1088 1239 1195 1313 γὰρ
1243 1242 1362 1313 ρ”έοι
1404 1240 1467 1296 τὸ
1516 1244 1674 1312 σῶμα
1711 1241 1805 1295 καὶ

122 1329 455 1387 ἀπολλύοιτο
505 1333 583 1385 ἔτι
629 1333 829 1396 ζῶντος
873 1331 974 1385 τοῦ
1020 1327 1354 1401 ἀνθρώπου,
1402 1327 1523 1384 ἀλλ’
1574 1327 1608 1398 ἡ
1655 1325 1803 1399 ψυχὴ

122 1417 210 1474 ἀεὶ
254 1415 316 1473 τὸ
358 1419 365 1487 Ι
406 1416 874 1490 κατατριβόμενον
921 1414 1250 1487 ἀνυφαίνοι,
1298 1414 1604 1487 ἀναγκαῖον
1650 1415 1855 1487 μέντἘ

123 1504 194 1561 ἄν
249 1511 357 1577 εἴη,
412 1503 575 1560 ὁπότε
629 1502 961 1559 ἀπολλύοιτο
1024 1502 1059 1576 ἡ
1123 1504 1300 1577 ψυχή,
1362 1502 1424 1559 τὸ
1486 1511 1804 1560 τελευταῖον

122 1593 354 1665 ὕφασμα
391 1603 577 1665 τυχεῖν
610 1592 785 1664 αὐτὴν
826 1596 1062 1665 ἔχουσαν
1093 1593 1186 1648 καὶ
1217 1591 1419 1649 τούτου
1456 1591 1636 1663 μόνου
1673 1611 1806 1664 προ-

122 1682 287 1755 τέραν
326 1679 696 1752 ἀπόλλυσθαι,
735 1680 1083 1752 ἀπολομένης
1114 1680 1175 1736 δὲ
1205 1684 1303 1751 τῆς
1332 1684 1511 1753 ψυχῆς
1540 1678 1653 1736 τότ’
1696 1679 1804 1752 ἤδη

123 1770 226 1842 τὴν
273 1768 447 1842 φύσιν
499 1771 596 1840 τῆς
649 1767 958 1834 ἀσθενείας.
999 1767 1337 1824 ἐπιδεικνύοι
1389 1767 1452 1824 τὸ
1509 1772 1667 1839 σῶμα
1715 1768 1807 1824 καὶ

124 1857 261 1930 ταχὺ
317 1857 488 1913 σαπὲν
544 1860 826 1928 διοίχοιτο.
904 1853 1043 1911 ὥστε
1088 1854 1266 1930 τούτῳ
1319 1859 1394 1931 τῷ
1449 1855 1596 1930 λόγῳ
1654 1854 1807 1912 οὔπω

127 1945 284 2013 ἄξιον
322 1945 691 2001 πιστεύσαντα
721 1952 976 2016 θαρρεῖν,
1016 1941 1108 2013 ὥς,
1148 1942 1372 1998 ἐπειδὰν
1413 1941 1807 2015 ἀποθάνωμεν,

126 2038 206 2089 ἔτι
252 2053 360 2089 που
404 2032 562 2104 ἡμῶν
608 2031 642 2103 ἡ
690 2030 837 2103 ψυχὴ
887 2035 1050 2086 ἔστιν.
1083 2034 1092 2098 Ι
1127 2034 1177 2085 εἰ
1219 2030 1327 2103 γάρ
1373 2051 1456 2095 τις
1500 2030 1593 2085 καὶ
1639 2032 1808 2086 πλέον
1825 2043 1883 2084 88

129 2126 206 2177 ἔτι
235 2125 310 2197 τῷ
343 2122 578 2191 λέγοντι,
611 2118 646 2175 ἃ
680 2118 750 2175 σὺ
782 2120 974 2189 λέγεις,
1016 2117 1443 2190 συγχωρήσειεν,
1485 2116 1620 2184 δοὺς
1659 2116 1807 2195 αὐτῷ

127 2208 200 2280 μὴ
239 2208 416 2280 μόνον
456 2211 516 2265 ἐν
554 2211 628 2284 τῷ
669 2207 801 2280 πρὶν
838 2206 930 2262 καὶ
961 2207 1223 2276 γενέσθαι
1262 2204 1404 2276 ἡμᾶς
1441 2204 1625 2281 χρόνῳ
1667 2204 1811 2262 εἶναι

125 2295 284 2369 ἡμῶν
328 2295 425 2362 τὰς
469 2295 673 2367 ψυχάς,
721 2293 860 2349 ἀλλὰ
918 2292 1091 2365 μηδὲν
1137 2292 1399 2363 κωλύειν,
1444 2293 1538 2348 καὶ
1584 2293 1810 2350 ἐπειδὰν

126 2384 519 2456 ἀποθάνωμεν,
559 2385 724 2440 ἐνίων
756 2386 834 2437 ἔτι
866 2379 1009 2438 εἶναι
1040 2382 1132 2437 καὶ
1165 2386 1392 2437 ἔσεσθαι
1423 2381 1516 2435 καὶ
1548 2381 1812 2448 πολλάκις

126 2472 460 2544 γενήσεσθαι
505 2470 598 2525 καὶ
645 2468 1058 2525 ἀποθανεῖσθαι
1105 2461 1294 2535 αὖθις·
1342 2466 1487 2524 οὕτω
1525 2467 1633 2541 γὰρ
1674 2467 1810 2525 αὐτὸ

89 2564 94 2571 ’
127 2558 295 2630 φύσει
327 2556 556 2630 ἰσχυρὸν
589 2555 750 2627 εἶναι,
790 2556 929 2613 ὥστε
960 2556 1224 2621 πολλάκις
1254 2556 1594 2626 γιγνομένην
1624 2555 1811 2628 ψυχὴν

127 2645 400 2717 ἀντέχειν·
442 2646 576 2709 δοὺς
616 2643 678 2700 δὲ
713 2648 886 2699 ταῦτα
927 2646 1101 2700 ἐκεῖνο
1150 2644 1339 2714 μηκέτι
1385 2654 1688 2715 συγχωροῖ,
1736 2643 1809 2715 μὴ

128 2732 198 2790 οὐ
252 2742 445 2788 πονεῖν
493 2729 668 2802 αὐτὴν
715 2734 774 2787 ἐν
819 2742 938 2797 ταῖς
985 2738 1215 2796 πολλαῖς
1260 2732 1543 2802 γενέσεσιν
1589 2730 1681 2785 καὶ
1728 2752 1810 2786 τε-

127 2818 412 2877 λευτῶσάν
442 2840 505 2889 γε
537 2822 598 2874 ἔν
627 2840 738 2873 τινι
768 2822 880 2874 τῶν
905 2821 1169 2874 θανάτων
1193 2819 1546 2873 παντάπασιν
1571 2816 1811 2872 ἀπόλλυ-

215 2917 352 2950 Pnuo
377 2916 399 2948 Ι
1511 2910 1536 2949 9
