2020 3198
216 177 289 229 30
896 179 1234 222 ΠΛΑΤΩΝΟΣ

215 293 317 365 μὲν
364 301 460 351 ι”τω
509 293 615 368 ὅπῃ
662 298 738 369 τῷ
788 298 905 370 θεῷ
957 299 1151 367 φίλον,
1206 299 1282 371 τῷ
1339 295 1401 351 δὲ
1453 296 1608 370 νόμω
1652 296 1906 351 πειστέον

213 381 307 437 καὶ
348 379 746 454 ἀπολογητέον.

365 472 462 527 III.
534 468 923 541 Ἀναλάβωμεν
964 464 1069 526 οὖν
1111 471 1165 538 ἐξ
1197 468 1387 544 ἀρχῆς,
1427 477 1508 537 τίς
1539 469 1574 544 ἡ
1605 476 1906 544 κατηγορία

163 559 391 630 Βέστίν,
441 559 495 626 ἐξ
544 552 611 630 ἧς
659 557 694 631 ἡ
745 557 844 630 ἐμὴ
886 558 1117 630 διαβολὴ
1157 560 1417 631 γέγονεν,
1468 552 1505 633 ᾖ
1546 561 1615 631 δὴ
1654 560 1747 615 καὶ
1781 564 1788 631 Ι
1820 579 1906 616 πι-

216 647 427 702 στεύων
482 647 741 718 Μέλητός
796 668 862 719 με
919 646 1195 719 ἐγράψατο
1250 645 1354 719 τὴν
1407 646 1632 721 γραφὴν
1683 647 1905 720 ταύτην.

215 732 350 791 εἶεν·
381 738 440 790 τί
466 734 535 806 δὴ
567 735 822 806 λέγοντες
854 736 1150 806 διέβαλλον
1184 738 1242 791 oc
1271 735 1690 806 διαβάλλοντες;
1723 734 1906 810 ὥσπερ

216 815 321 879 οὖν
351 822 677 895 κατηγόρων
708 821 811 895 τὴν
842 823 1197 895 ἀντωμοσίαν
1230 827 1319 879 δεῖ
1346 822 1672 895 ἀναγνῶναι
1697 824 1905 882 αὐτῶν·

215 911 520 983 Σωκράτης
559 909 744 967 ἀδικεῖ
783 912 877 967 καὶ
923 912 1334 985 περιεργάζεται
1384 917 1558 984 ζητῶν
1595 913 1663 970 τά
1699 935 1758 971 τε
1795 912 1905 971 ὑπὸ

215 1002 317 1070 γῆς
354 999 448 1055 καὶ
488 998 727 1073 οὐράνια
772 1002 864 1056 καὶ
910 1000 1010 1056 τὸν
1055 999 1199 1072 ἥττω
1250 1001 1422 1073 λόγον
1461 1007 1686 1075 κρείττω
1726 1005 1906 1059 ποιῶν

163 1088 307 1144 Οκαὶ
354 1086 558 1154 ἄλλους
601 1088 668 1143 τὰ
727 1087 867 1144 αὐτὰ
924 1092 1097 1145 ταῦτα
1153 1089 1451 1147 διδάσκων.
1495 1091 1502 1164 Ι
1542 1090 1770 1162 τοιαύτη
1823 1095 1905 1157 τίς

218 1177 352 1231 ἐστι·
398 1178 571 1231 ταῦτα
615 1175 723 1249 γὰρ
775 1177 979 1248 ἑωρᾶτε
1025 1177 1118 1232 καὶ
1166 1176 1326 1233 αὐτοὶ
1374 1180 1434 1235 ἐν
1479 1181 1546 1252 τῇ
1581 1177 1895 1252 Ἀριστοφά·

215 1287 350 1330 νους
402 1267 690 1340 κωμῳδία,
753 1263 1025 1338 Σωκράτη
1088 1263 1214 1320 τινὰ
1275 1267 1389 1322 ἐκεῖ
1445 1267 1904 1341 περιφερόμενον,

217 1351 503 1424 φάσκοντα
550 1374 608 1407 τε
654 1350 979 1425 ἀεροβατεϊν
1025 1353 1117 1408 καὶ
1156 1352 1332 1425 ἄλλην
1371 1354 1585 1426 πολλὴν
1625 1359 1903 1429 φλυαρίαν

216 1443 603 1514 φλυαροῦντα,
660 1433 740 1496 ὧν
789 1439 893 1510 ἐγὼ
952 1439 1120 1497 οὐδὲν
1175 1440 1302 1497 οὔτε
1348 1443 1486 1514 μέγα
1532 1441 1660 1498 οὔτε
1704 1443 1905 1518 μικρὸν

215 1530 341 1602 πέρι
381 1531 566 1585 ἐπαΐω.
642 1530 734 1584 καὶ
775 1527 875 1600 οὐχ
915 1527 990 1594 ὥς
1022 1528 1299 1601 ἀτιμάζων
1331 1531 1473 1601 λέγω
1503 1529 1608 1602 τὴν
1638 1531 1903 1604 τοιαύτην

217 1618 546 1690 ἐπιστήμην,
602 1624 658 1673 εἴ
703 1638 786 1683 τις
839 1618 963 1688 περὶ
1016 1620 1129 1673 τῶν
1181 1617 1455 1675 τοιούτων
1509 1619 1687 1691 σοφός
1739 1622 1903 1677 ἐστιν.

217 1707 290 1778 μή
338 1724 452 1773 πως
498 1705 604 1777 ἐγώ
653 1703 761 1761 ὑπὸ
813 1704 1078 1777 Μελήτου
1122 1705 1394 1771 τοσαύτας
1443 1709 1599 1772 δίκας
1644 1707 1902 1781 φύγοιμιῑ

216 1793 356 1850 ἀλλὰ
403 1793 512 1867 γὰρ
560 1793 683 1865 ἐμοὶ
727 1794 970 1864 τούτων,
1026 1787 1071 1849 ὦ
1126 1792 1328 1867 ἄνδρες
1366 1792 1682 1867 Ἀθηναῖοι,
1734 1795 1900 1854 οὐδὲν

74 1873 91 1883 ’
157 1884 478 1954 Βμέτεστιν.
529 1880 810 1954 μάρτυρας
834 1879 1142 1954 δὲαύτοὺςΙ
1170 1878 1331 1952 ὑμῶν
1353 1880 1482 1947 τοὺς
1505 1882 1745 1950 πολλοὺς
1767 1904 1903 1958 παρ-

216 1972 433 2043 έχομαι,
499 1970 590 2024 καὶ
645 1967 806 2036 ἀξιῶ,
833 1966 979 2040 ὑμᾶς
1033 1966 1308 2039 ἀλλήλους
1362 1968 1648 2027 διδάσκειν
1699 1993 1758 2028 τε
1809 1974 1901 2029 καὶ

216 2059 470 2133 φράζειν,
527 2057 651 2115 ὅσοι
706 2060 843 2130 ἐμοῦ
891 2057 1110 2114 πώποτε
1156 2056 1428 2128 ἀκηκόατε
1482 2061 1902 2133 διαλεγομένου·

214 2148 411 2204 πολλοὶ
451 2147 512 2203 δὲ
549 2144 709 2217 ὑμῶν
750 2147 810 2202 οἰ
842 2149 1093 2201 τοιοῦτοί
1126 2149 1290 2201 εἰσιν·
1331 2145 1561 2218 φράζετε
1601 2141 1706 2203 οὖν
1737 2146 1902 2221 ἀλλή-

215 2241 357 2305 λοις,
405 2237 455 2289 εί
499 2234 717 2290 πώποτε
763 2229 798 2304 ἢ
847 2231 1047 2306 μικρὸν
1101 2230 1136 2304 ἢ
1184 2234 1323 2304 μέγα
1367 2232 1577 2305 ἤκουσέ
1615 2256 1698 2301 τις
1741 2234 1902 2308 ὑμῶν

217 2325 353 2393 ἐμοῦ
391 2322 517 2394 περὶ
554 2325 667 2377 τῶν
705 2322 979 2377 τοιούτων
1013 2324 1435 2393 διαλεγομένου·
1473 2323 1566 2377 καὶ
1598 2325 1656 2379 ἐκ
1685 2324 1900 2381 τούτων

214 2409 528 2482 γνώσεσθε,
578 2407 663 2465 ὅτι
708 2407 918 2465 τοιαῦτ’
972 2410 1084 2465 ἐστὶ
1130 2410 1223 2464 καὶ
1267 2404 1440 2466 τᾶλλα
1484 2411 1609 2483 περὶ
1655 2414 1817 2484 ἐμοῦ,
1865 2410 1900 2468 ἃ

218 2500 276 2554 οἱ
309 2497 506 2553 πολλοὶ
544 2498 820 2567 λέγουσιν.

363 2588 458 2641 IV.
523 2582 683 2640 Ἀλλὰ
725 2583 831 2658 γὰρ
866 2584 994 2641 οὔτε
1023 2585 1239 2642 τούτων
1272 2584 1440 2643 οὐδέν
1473 2588 1638 2657 ἐστιν,
1680 2585 1819 2644 οὐδέ
1842 2587 1896 2659 γ’

217 2681 272 2730 εί
303 2695 455 2738 τινος
493 2671 782 2744 ἀκηκόατε,
825 2671 899 2739 ὡς
939 2672 1043 2744 ἐγώ
1076 2674 1362 2730 παιδεύειν
1395 2676 1646 2746 ἐπιχειρῶ
1679 2673 1899 2748 ἀνθρώ-

161 2770 354 2827 Επους
406 2761 498 2816 καὶ
544 2760 794 2832 χρήματα
835 2760 843 2834 Ι
884 2761 1217 2833 πράττομαι,
1275 2759 1408 2817 οὐδὲ
1460 2766 1624 2818 τοῦτο
1680 2761 1900 2834 ἀληθές..

217 2850 333 2906 ἐπεὶ
371 2848 464 2904 καὶ
509 2847 675 2903 τοῦτό
723 2848 790 2920 γε’
823 2870 917 2920 μοι
958 2853 1114 2904 δοκεῖ
1146 2847 1320 2905 καλὸν
1360 2846 1530 2920 εἶναι,
1579 2857 1635 2906 εἴ
1664 2872 1745 2918 τις
1785 2845 1900 2916 οἷός
