2020 3198
271 180 377 233 218
917 179 1252 222 ΠΛΑΤῼΝΟΣ
1899 183 1959 224 44

266 299 426 368 νησίς
464 315 522 351 τε
562 297 654 351 καὶ
686 299 908 361 σύνεσις
946 297 1037 352 καὶ
1071 298 1394 367 δικαιοσύνη
1427 296 1518 351 καὶ
1549 293 1720 350 τᾶλλα
1750 298 1817 351 τὰ
1846 316 1957 351 τοι-

272 394 412 440 αῦτα
450 387 641 439 πάντα.

417 473 532 527 ΣΩ.
598 472 856 544 Ἐγείρεις
911 472 1028 543 μέν,
1077 471 1120 528 ὦ
1169 473 1371 544 ἑταῖρε,
1421 474 1490 527 οὐ
1536 477 1754 543 φαῦλον
1797 472 1958 541 γένος

267 562 576 631 ὀνομάτων·
621 561 766 630 ὅμως
807 558 868 614 δὲ
914 561 1204 632 ἐπειδήπερ
1251 563 1353 630 τὴν
1403 566 1634 630 λεοντῆν
1672 559 1956 622 ἐνδέδυκα,

267 650 369 703 οὐκ
421 647 858 718 ἀποδειλιατέον,
908 648 1025 702 ἀλλ’
1072 648 1447 718 ἐπισκεπτέον,
1495 650 1568 712 ὡς
1607 651 1774 717 ἔοικε,
1821 651 1955 720 φρό-

264 751 429 806 νησιν
488 735 580 791 καὶ
642 737 869 791 σύνεσιν
931 736 1023 790 καὶ
1085 738 1312 807 γνώμην
1365 735 1457 790 καὶ
1513 737 1813 805 ἐπιστήμην
1865 735 1958 791 καὶ

198 826 235 870 Β
264 820 437 878 τᾶλλα
478 825 546 892 δὴ
580 823 614 877 ἃ
653 825 763 894 φῂς
800 825 978 878 πάντα
1015 833 1186 878 ταῦτα
1223 826 1290 878 τὰ
1327 826 1468 879 καλὰ
1503 823 1510 895 Ι
1545 825 1800 894 ὀνόματα.

415 911 580 965 ΕΡΜ.
631 913 795 964 Πάνυ
834 909 934 981 μὲν
974 909 1077 966 οὗν
1117 914 1184 966 οὐ
1226 915 1314 966 δεῖ
1347 913 1489 982 ἡμᾶς
1527 919 1954 983 προαποστῆναι.

418 998 534 1068 ΣΩ.
597 997 709 1052 Καὶ
762 1003 896 1069 μήν,
950 1002 1020 1069 νὴ
1074 1002 1172 1054 τὸν
1225 1001 1390 1069 κύνα,
1447 1002 1592 1054 δοκῶ
1637 1000 1708 1069 ,γέ
1749 1021 1843 1070 μοι
1888 1001 1956 1055 οὐ

268 1096 448 1151 κακῶς
493 1088 880 1156 μαντεύεσθαι,
921 1087 950 1142 ὃ
1005 1087 1098 1142 καὶ
1146 1095 1252 1142 νῦν
1303 1089 1371 1157 δὴ
1425 1088 1713 1158 ἐνενόησα,
1764 1089 1848 1142 ὅτι
1902 1089 1962 1142 οἱ

265 1176 414 1229 πάνυ
445 1175 671 1229 παλαιοὶ
703 1177 992 1246 ἄνθρωποι
1018 1178 1076 1230 οἱ
1094 1175 1376 1246 τιθέμενοι
1400 1178 1466 1229 τὰ
1490 1177 1730 1246 ὀνόματα
1753 1179 1956 1241 παντὸς

266 1267 500 1331 μᾶλλον,
563 1265 745 1335 ὥσπερ
798 1263 890 1319 καὶ
935 1274 1047 1318 τῶν
1091 1273 1198 1318 νῦν
1246 1265 1304 1318 οἱ
1344 1264 1540 1319 πολλοὶ
1586 1274 1698 1318 τῶν
1744 1275 1954 1335 σοφῶν,

264 1350 372 1404 ὑπὸ
404 1359 504 1404 τοῦ
537 1353 718 1405 πυκνὰ
749 1351 1213 1422 περιστρέφεσθαι
1247 1355 1558 1422 ζητοῦντες,
1599 1354 1704 1422 ὅπῃ
1744 1355 1852 1422 ἔχει
1888 1355 1956 1407 τὰ

266 1439 424 1506 ὄντα,
473 1437 557 1492 ἀεὶ
596 1441 960 1508 εἰλιγγιῶσιν,
1007 1441 1234 1493 κᾶπειτα
1273 1441 1460 1503 αὐτοῖς
1506 1443 1760 1510 φαίνεται
1805 1459 1955 1513 περι-

200 1545 234 1590 0
267 1524 540 1596 φέρεσθαι
585 1528 652 1579 τὰ
696 1529 986 1597 πράγματα
1032 1526 1124 1580 καὶ
1162 1529 1378 1591 πάντως
1413 1528 1418 1599 Ι
1455 1527 1741 1598 φέρεσθαι.
1819 1532 1953 1583 αἰτι-

265 1623 433 1667 ῶνται
458 1615 525 1683 δὴ
554 1615 620 1668 οὐ
644 1616 705 1669 τὸ
732 1617 897 1668 ἔνδον
920 1617 981 1668 τὸ
1005 1617 1153 1685 παρὰ
1180 1618 1374 1685 σφίσιν
1398 1617 1579 1679 πάθος
1605 1622 1783 1671 αἴτιον
1807 1614 1950 1671 εἶναι

262 1703 463 1771 ταύτης
500 1710 596 1771 τῆς
627 1703 807 1772 δόξης,
848 1702 984 1756 ἀλλὰ
1015 1703 1153 1756 αὐτὰ
1182 1704 1250 1756 τὰ
1279 1704 1570 1773 πράγματα
1601 1705 1744 1758 οὕτω
1776 1723 1950 1775 πεφυ-

263 1789 434 1859 κέναι,
475 1788 642 1844 οὐδὲν
680 1791 864 1844 αὐτῶν
902 1793 1138 1861 μόνιμον
1178 1787 1320 1844 εἶναι
1359 1789 1491 1844 οὐδὲ
1521 1790 1766 1861 βέβαιον,
1807 1793 1949 1847 ἀλλὰ

265 1879 383 1949 ῥεῖν
429 1877 521 1932 καὶ
568 1877 840 1949 φέρεσθαι
886 1877 977 1931 καὶ
1022 1880 1191 1948 μεστὰ
1237 1875 1379 1932 εἶναι
1424 1880 1602 1948 πάσης
1641 1888 1819 1950 φορᾶς
1855 1880 1949 1935 καὶ

262 1965 527 2034 γενέσεως
573 1967 670 2020 ἀεί.
750 1965 888 2034 λέγω
938 1964 1000 2020 δὲ
1047 1966 1314 2036 ἐννοήσας
1351 1968 1488 2037 πρὸς
1527 1968 1704 2021 πάντα
1741 1969 1808 2021 τὰ
1844 1977 1952 2023 νῦν

264 2055 332 2123 δὴ
373 2054 627 2124 ὀνόματα.

411 2142 576 2195 ΕΡΜ.
639 2146 770 2205 Πῶς
810 2144 877 2210 δὴ
918 2150 1098 2210 τοῦτο,
1132 2139 1174 2195 ὦ
1214 2143 1525 2211 Σώκρατες;

415 2229 529 2282 ΣΩ.
597 2231 679 2283 Οὐ
718 2233 1050 2299 κατενόησας
1091 2235 1221 2292 ἴσως
1258 2231 1324 2282 τὰ
1364 2232 1486 2300 ἄρτι
1526 2233 1815 2300 λεγόμενα,
1864 2232 1949 2285 ὅτι

261 2318 607 2371 παντάπασιν
655 2319 727 2381 ὡς
774 2316 1205 2388 φερομένοιςτε
1251 2316 1341 2370 καὶ
1390 2317 1579 2387 ῥέουσι
1623 2317 1713 2372 καὶ
1763 2338 1949 2387 γιγνο-

262 2403 448 2474 μένοις
485 2414 600 2468 τοῖς
639 2407 920 2475 πράγμασι
957 2407 1023 2458 τὰ
1064 2406 1304 2473 ὀνόματα
1344 2404 1619 2458 ἐπίκειται.

413 2493 576 2545 ΕΡΜ.
645 2493 726 2545 Οὐ
765 2494 912 2545 πάνυ
952 2491 1326 2559 ἐνεθυμήθην.

414 2579 418 2651 Ι
463 2579 576 2633 ΣΩ.
634 2578 742 2632 Καὶ
781 2581 890 2648 μὴν
928 2588 1146 2647 πρῶτον
1185 2575 1285 2647 μὲν
1323 2587 1505 2646 τοῦτο,
1546 2579 1575 2632 ὃ
1615 2589 1834 2650 πρῶτον
1871 2585 1946 2634 εἴ-

261 2682 435 2739 πομεν
473 2669 820 2722 παντάπασιν
860 2668 932 2729 ὡς
972 2665 1058 2720 ε’πὶ
1098 2667 1365 2719 τοιούτων
1405 2666 1566 2719 ἐστίν.

408 2756 572 2810 ΕΡΜ.
641 2757 717 2809 Τὸ
756 2762 941 2818 ποῖον;

411 2843 525 2897 ΣΩ.
611 2841 682 2896 Ἡ
742 2845 1034 2913 φρόνησις·
1106 2851 1283 2913 φορᾶς
1343 2844 1448 2913 γάρ
1514 2841 1626 2896 ἐστι
1688 2841 1778 2896 καὶ
1840 2842 1944 2913 ῥοῦ

189 2597 229 2641 0
