2020 3198
233 149 337 202 126
906 151 1243 196 ΠΛΑΤΩΝΟΣ

228 263 429 340 ἀπείπῃ
475 288 581 338 τις,
627 267 779 324 πάνυ
825 271 1119 339 μαλθακοῦ
1169 266 1314 325 εἶναι
1360 268 1590 342 ἀνδρός·
1639 273 1759 327 δεῖν
1805 270 1913 345 γὰρ

227 355 353 427 περὶ
393 353 533 411 αὐτὰ
574 357 636 411 ἕν
674 357 741 427 γε’
773 377 827 412 τι
862 355 1078 412 τούτων
1126 357 1561 429 διαπράξασθαι,
1607 354 1643 431 ἢ
1690 367 1912 430 μαθεῖν,

229 441 337 516 ὅπῃ
377 447 511 515 ἔχει,
559 440 594 515 ἢ
642 441 830 517 εὑρεῖν
875 443 936 515 ῆ,
988 447 1039 500 εί
1074 447 1247 500 ταῦτα
1286 443 1595 518 ἀδύνατον,
1633 445 1733 503 τὸν
1769 451 1914 519 γοῦν

169 537 209 584 D
226 532 514 602 βέλτιστον
535 534 648 587 τῶν
673 530 1054 606 ἀνθρωπίνων
1084 531 1270 604 λόγων
1301 533 1546 603 λαβόντα
1574 535 1667 590 καὶ
1694 535 1700 610 Ι
1730 536 1913 603 δυσεξ-

226 618 633 691 ελεγκτότατον,
658 620 746 676 ἐπὶ
775 620 979 676 τούτου
1011 618 1321 692 ὀχούμενον
1356 620 1540 695 ὥσπερ
1573 623 1662 679 ἐπὶ
1693 627 1914 696 σχεδίας

224 707 629 763 κινδυνεύοντα
668 711 996 765 διαπλεῦσαι
1033 707 1133 765 τὸν
1173 713 1320 779 βίον,
1360 713 1411 765 εἰ
1447 710 1521 782 μή
1560 732 1643 776 τις
1681 711 1913 768 δύναιτο

228 794 642 869 ἀσφαλέστερον
672 797 766 852 καὶ
804 795 1241 871 ἀκινδυνότερον
1274 798 1362 854 ε’πὶ
1393 800 1754 870 βεβαιοτέρου
1785 797 1911 872 ὀχή-

229 904 398 956 ματος
441 879 477 955 ἢ
524 883 699 954 λόγου
746 889 913 940 θείου
961 884 1115 950 τινὸς
1164 889 1625 958 διαπορευθῆναι.
1699 887 1791 943 καὶ
1843 885 1912 959 δὴ

227 972 322 1029 καὶ
359 974 469 1027 νῦν
510 975 682 1043 ἔγωγε
729 970 833 1028 οὐκ
872 973 1393 1045 ἐπαισχυνθήσομαι
1433 977 1685 1049 ἐρέσθαι,
1725 973 1913 1046 ἐπειδὴ

227 1060 322 1117 καὶ
375 1057 446 1115 σὺ
498 1062 671 1115 ταῦτα
724 1060 924 1131 λέγεις,
989 1059 1114 1117 οὐδ’
1181 1061 1420 1132 ἐμαυτὸν
1481 1063 1798 1136 αἰτιάσομαι
1852 1065 1911 1119 ἐν

228 1147 440 1223 ὑστέρῳ
480 1149 683 1223 χρόνῳ,
724 1146 810 1204 ὅτι
847 1151 957 1204 νῦν
998 1146 1102 1204 οὐκ
1133 1147 1310 1220 εἷπον,
1343 1147 1379 1206 ἁ
1413 1151 1534 1221 ἐμοὶ
1565 1154 1731 1207 δοκεῖ.
1792 1151 1912 1223 ἐμοὶ

228 1236 355 1311 γάρ,
396 1229 440 1293 ὦ
479 1235 789 1308 Σώκρατες,
831 1234 1017 1307 ἐπειδὴ
1057 1236 1150 1292 καὶ
1187 1235 1325 1310 πρὸς
1364 1236 1603 1309 ἐμαυτὸν
1647 1238 1740 1294 καὶ
1776 1237 1915 1312 πρὸς

227 1325 394 1382 τόνδε
432 1326 619 1381 σκοπῶ
657 1322 724 1379 τὰ
766 1325 1055 1396 εἰρημένα,
1104 1323 1172 1381 οὐ
1221 1325 1372 1382 πάνυ
1411 1332 1670 1398 φαίνεται
1710 1328 1915 1394 ἱκανῶς

229 1414 525 1486 εἰρῆσθαι.’

173 1507 212 1552 Ε
376 1501 618 1556 XXXVI.
695 1501 809 1556 Καὶ
843 1506 851 1569 Ι
887 1498 916 1556 ὁ
949 1500 1275 1572 Σωκράτης·
1316 1503 1467 1567 Ὑσως
1495 1501 1643 1575 γάρ,’
1683 1507 1808 1575 ἔφη,
1848 1497 1912 1560 ’ὦ

230 1591 435 1662 ἑταῖρε,
482 1586 670 1658 ἀληθῆ
717 1602 808 1642 σοι
853 1591 1132 1658 φαίνεται·
1178 1587 1317 1644 ἀλλὰ
1365 1590 1513 1660 λέγε,
1554 1587 1661 1663 ὅπῃ
1701 1590 1772 1663 δὴ
1813 1589 1915 1664 οὐχ

229 1678 467 1744 ίκανῶς.’
545 1675 734 1749 (ταύτῃ
789 1678 1013 1747 ἐμοιγε,’
1068 1669 1104 1747 ἦ
1159 1675 1211 1732 δ’
1271 1674 1358 1748 ὅς,
1415 1670 1469 1750 εᾖ
1522 1676 1592 1749 δὴ
1647 1679 1741 1734 καὶ
1790 1679 1916 1752 περὶ

229 1764 501 1840 ἁρμονίας
538 1763 611 1821 ἅν
648 1785 730 1830 τις
766 1764 860 1819 καὶ
905 1764 1079 1837 λύρας
1115 1786 1173 1821 τε
1211 1765 1304 1820 καὶ
1342 1768 1578 1838 χορδῶν,
1602 1764 1702 1823 τὸν
1741 1766 1915 1824 αὐτὸν

227 1858 429 1912 τοῦτον
468 1851 641 1924 λόγον
673 1859 836 1922 εἴποι,
877 1850 953 1918 ὡς
990 1851 1025 1925 ἡ
1058 1853 1160 1925 μὲν
1193 1851 1434 1926 ἁρμονία
1466 1852 1710 1927 ἀόρατόν
1738 1876 1794 1911 τι
1821 1856 1915 1911 καὶ

229 1941 526 2014 ἀσώματον
578 1939 671 1995 καὶ
724 1939 1012 2011 πάγκαλόν
1067 1962 1120 1996 τι
1172 1941 1266 1996 καὶ
1318 1940 1483 1998 θεῖόν
1538 1945 1688 1999 ἐστιν
1741 1944 1803 2000 ἐν
1847 1947 1914 2016 τῇ

156 2039 211 2080 86
230 2029 550 2103 ἡρμοσμένῃ
605 2026 774 2102 λύρᾳ,
817 2034 824 2096 Ι
867 2026 1006 2100 αὐτὴ
1063 2030 1114 2085 δ’
1171 2027 1207 2100 ἡ
1259 2028 1404 2102 λύρα
1462 2032 1555 2086 καὶ
1608 2033 1671 2087 αἰ
1718 2031 1917 2104 χορδαὶ

230 2115 456 2190 σώματά
510 2137 568 2171 τε
620 2117 714 2171 καὶ
763 2120 1107 2189 σωματοειδῆ
1162 2117 1254 2173 καὶ
1312 2117 1552 2185 ξύνθετα
1596 2120 1690 2175 καὶ
1733 2120 1915 2192 γεώδη

231 2207 344 2264 ἐστὶ
381 2206 475 2260 καὶ
512 2206 614 2259 τοῦ
650 2208 869 2275 θνητοῦ
909 2206 1160 2277 ξυγγενῆ.
1231 2206 1455 2263 ε’πειδὰν
1495 2201 1600 2264 οὖν
1637 2206 1673 2280 ἢ
1712 2207 1915 2282 κατάξῃ

229 2315 312 2360 τις
355 2291 459 2363 τὴν
505 2290 683 2363 λύραν
727 2289 763 2363 ἢ
813 2294 1039 2366 διατέμῃ
1093 2293 1186 2349 καὶ
1236 2294 1504 2367 διαρρήξῃ
1551 2294 1649 2362 τοὶς
1693 2296 1918 2369 χορδάς,

231 2388 287 2439 εἴ
339 2402 421 2445 τις
475 2382 865 2450 διισχυρίζοιτο
919 2383 995 2453 τῷ
1051 2379 1201 2453 αὐτῷ
1257 2380 1404 2454 λόγῳ
1456 2380 1639 2455 ὥσπερ
1694 2382 1790 2453 σύ,
1845 2381 1920 2449 ὡς

230 2466 445 2539 ἀνάγκη
487 2471 567 2522 ἔτι
604 2464 748 2522 εἶναι
792 2465 895 2537 τὴν
942 2464 1220 2539 ἁρμονίαν
1267 2469 1485 2539 ἐκείνην
1530 2469 1623 2524 καὶ
1670 2469 1744 2542 μὴ
1785 2469 1919 2527 ἀπο-

230 2555 488 2611 λωλέναι·
531 2552 763 2624 οὐδεμία
799 2553 907 2626 γὰρ
948 2553 1165 2626 μηχανὴ
1205 2552 1277 2610 ἂν
1318 2562 1401 2626 εἴη
1447 2554 1550 2627 τὴν
1598 2557 1700 2628 μὲν
1739 2558 1918 2632 λύραν

232 2647 312 2699 ἔτι
358 2639 503 2699 εἶναι
556 2643 936 2714 διερρωγυιῶν
990 2645 1103 2697 τῶν
1153 2645 1375 2715 χορδῶν
1424 2643 1518 2698 καὶ
1565 2643 1663 2711 τὰς
1716 2644 1921 2719 χορδὰς

233 2733 585 2803 θνητοειδεῖς
625 2729 820 2800 οὔσας,
870 2727 973 2800 τὴν
1014 2729 1075 2786 δὲ
1115 2727 1391 2802 ἁρμονίαν
1431 2729 1779 2789 ἀπολωλέναι
1816 2732 1919 2805 τὴν

177 2822 334 2879 Βτοῦ
372 2822 539 2875 θείου
577 2839 635 2875 τε
672 2818 764 2874 καὶ
804 2815 1097 2874 ἀθανάτου
1137 2815 1359 2890 ὁμοφυῆ
1396 2825 1404 2887 Ι
1437 2841 1494 2875 τε
1532 2820 1625 2875 καὶ
1666 2822 1919 2893 ξυγγενῆ,
