2020 3198
860 162 1101 208 ΦΑΙΔΩΝ.
1713 162 1819 214 149

136 278 301 352 τήσῃ,
365 277 462 336 ἐὰν
514 282 581 353 τῇ
636 282 847 352 κεφαλῇ
880 277 1135 349 Ιμείζονά
1184 301 1309 334 τινα
1370 282 1480 352 φῇς
1532 276 1677 335 εἶναι
1727 279 1822 334 καὶ

40 403 49 405 -
138 367 367 438 ἐλάττω,
413 371 634 437 πρῶτον
681 367 782 438 μὲν
818 370 894 442 τῷ
934 365 1081 441 αὐτῷ
1121 365 1183 422 τὸ
1225 372 1408 438 μεῖζον
1450 374 1634 438 μεῖζον
1676 365 1821 423 εἶναι

136 457 228 512 καὶ
279 455 341 512 τὸ
399 459 623 511 ἔλαττον
678 458 930 524 ἔλαττον,
994 458 1177 509 ἔπειτα
1228 459 1294 527 τῇ
1347 459 1561 527 κεφαλῇ
1615 458 1818 528 σμικρᾷ

139 543 277 616 οὔσῃ
326 541 428 600 τὸν
481 548 640 614 μείζω
683 545 689 615 Ι
732 547 893 613 μείζω
948 539 1117 612 εἶναι,
1169 543 1262 597 καὶ
1310 545 1476 599 τοῦτο
1538 542 1606 614 δὴ
1662 543 1873 616 τέραςΒ

138 629 307 702 εἶναι,
359 629 422 687 τὸ
475 634 684 707 σμικρῷ
737 652 848 685 τινι
904 630 1076 700 μέγαν
1126 629 1251 685 τινὰ
1299 629 1464 686 εἶναι·
1512 628 1548 702 ἢ
1598 630 1700 686 οὐκ
1747 627 1819 685 ἄν

138 725 339 790 φοβοῖο
394 721 611 786 ταῦτα;’
664 719 756 774 καὶ
803 715 832 773 ὁ
877 719 1060 789 Κέβης
1105 718 1362 790 γελάσας·
1419 721 1655 791 (ἕγωγεξ
1699 722 1820 790 ἔφη.

138 806 410 877 “οὐκοῦν,’
457 799 493 877 ἦ
541 805 593 862 δ’
645 805 731 875 ὅς,
779 804 863 860 ετοὶ
913 806 1044 860 δέκα
1089 810 1201 862 τῶν
1249 806 1389 863 ὀκτὼ
1439 811 1603 863 δυοῖν
1649 811 1818 862 πλείω

137 893 300 966 εἶναι,
338 894 431 949 καὶ
472 893 565 950 διὰ
598 894 804 965 ταύτην
836 892 940 965 τὴν
973 897 1158 950 αἰτίαν
1190 893 1577 966 ὑπερβάλλειν,
1616 900 1819 966 φοβοῖο

136 980 207 1038 ὂὶν
246 983 452 1053 λέγειν,
499 980 639 1037 ἀλλὰ
688 981 761 1053 μὴ
809 981 1013 1051 πλήθει
1057 982 1151 1036 καὶ
1198 981 1290 1037 διὰ
1336 983 1398 1038 τὸ
1439 987 1682 1054 πλῆθος;
1728 982 1822 1038 καὶ

135 1070 198 1127 τὸ
240 1073 443 1142 δίπηχυ
480 1073 581 1125 τοῦ
621 1074 896 1141 πηχυαίου
934 1067 1119 1141 ἡμίσει
1162 1076 1347 1140 μεῖζον
1386 1069 1548 1142 εἶναι,
1588 1068 1708 1126 ἀλλ’
1754 1068 1823 1126 οὑ

140 1160 387 1231 μεγέθει;
445 1155 474 1212 ὁ
521 1156 687 1223 αὐτὸς
739 1158 846 1229 γάρ
896 1176 1006 1213 που
1051 1157 1262 1228 φόβος.’
1339 1159 1507 1215 ’πάνυ
1552 1157 1648 1230 γ’,’
1701 1162 1822 1229 ἔφη.

137 1249 213 1302 ςτί
247 1246 333 1313 δέ;
386 1244 471 1300 ἑνὶ
519 1244 646 1311 ἑνὸς
691 1246 1096 1316 προστεθέντος
1140 1244 1243 1316 τὴν
1289 1247 1599 1319 πρόσθεσιν
1639 1249 1823 1301 αἰτίαν

142 1333 286 1391 εἶναι
330 1336 432 1389 τοῦ
479 1333 583 1389 δύο
630 1334 894 1404 γενέσθαι
942 1330 976 1404 ἢ
1027 1335 1447 1405 διασχισθέντος
1490 1334 1594 1406 τὴν
1642 1338 1823 1407 σχίσιν

140 1421 280 1497 Ιοὺκ
326 1420 587 1492 εὐλαβοῖο
635 1418 708 1476 ὂὶν
756 1421 961 1491 λέγειν;
1016 1420 1108 1475 καὶ
1161 1422 1299 1491 μέγα
1353 1418 1426 1476 ἂν
1479 1421 1683 1498 βοῴης,
1738 1421 1872 1482 ὅτιΟ

140 1509 242 1567 οὐκ
280 1507 449 1566 οἶσθα
489 1508 667 1574 ἄλλως
705 1527 819 1574 πως
852 1509 1082 1564 ἕκαστον
1114 1508 1451 1580 γιγνόμενον
1482 1506 1517 1579 ἢ
1551 1509 1822 1582 μετασχὸν

138 1602 232 1670 τῆς
274 1602 418 1664 ἰδίας
458 1595 650 1663 οὐσίας
682 1595 933 1666 ἑκάστου,
973 1589 1042 1651 οὗ
1075 1594 1148 1651 ἂν
1181 1596 1438 1670 μετάσχῃ,
1477 1598 1570 1653 καὶ
1606 1599 1666 1654 ἐν
1695 1597 1823 1654 τού-

135 1709 251 1753 τοις
297 1685 401 1742 οὑκ
447 1689 584 1757 ἔχεις
634 1683 810 1756 ἄλλην
855 1683 980 1739 τινὰ
1030 1687 1212 1738 αἰτίαν
1258 1688 1359 1739 τοῦ
1408 1685 1511 1741 δύο
1555 1687 1823 1757 γενέσθαι

137 1773 257 1830 ἀλλ’
301 1771 336 1845 ἢ
382 1772 485 1845 τὴν
532 1776 629 1844 τῆς
675 1772 884 1838 δυάδος
921 1770 1275 1843 μετάσχεσιν,
1322 1773 1415 1827 καὶ
1463 1776 1582 1829 δεῖν
1618 1774 1823 1830 τούτου

143 1872 430 1934 μετασχεῖν
475 1861 542 1917 τὰ
594 1862 862 1932 μέλλοντα
910 1860 1012 1915 δύο
1062 1864 1314 1930 ἔσεσθαι,
1366 1862 1459 1916 καὶ
1501 1862 1745 1933 μονάδος
1791 1861 1823 1917 ὃ

142 1948 215 2006 ἂν
256 1950 424 2021 μέλλῃ
465 1951 525 2004 ἓν
565 1952 810 2019 ἔσεσθαι,
851 1946 946 2013 τὰς
978 1947 1040 2004 δὲ
1071 1952 1275 2019 σχίσεις
1303 1948 1506 2016 ταύτας
1533 1950 1625 2005 καὶ
1655 1966 1843 2026 προσ-μ

138 2039 325 2102 θέσεις
380 2037 473 2092 καὶ
522 2036 620 2102 τὰς
679 2036 849 2101 ἄλλας
903 2034 1000 2101 τὰς
1055 2035 1316 2102 τοιαύτας
1370 2042 1636 2108 κομψείας
1686 2039 1824 2114 ἐῷης

140 2122 213 2181 ἂν
253 2129 493 2197 χαίρειν,
533 2125 725 2195 παρεὶς
763 2123 1175 2195 ἀποκρίνασθαι
1213 2135 1329 2190 τοῖς
1367 2130 1612 2181 σεαυτοῦ
1642 2142 1823 2198 σοφω-

137 2213 338 2285 τέροις·
378 2211 448 2267 σὺ
489 2211 551 2268 δὲ
592 2211 787 2276 δεδιὼς
818 2210 907 2282 ἄν,
946 2211 1007 2267 τὸ
1043 2213 1051 2285 1
1085 2211 1405 2284 λεγόμενον,
1443 2211 1545 2284 τὴν
1586 2218 1880 2275 σεαυτοῧΙ)

138 2299 301 2356 σκιὰν
338 2300 429 2355 καὶ
467 2297 569 2370 τὴν
610 2297 892 2371 ἀπειρίαν,
943 2299 1202 2371 ἐχόμενος
1249 2302 1466 2357 ἐκείνου
1509 2306 1610 2359 τοῦ
1647 2301 1823 2375 ἄσφα-

137 2392 269 2454 λοῦς
305 2391 402 2459 τῆς
440 2384 789 2459 ὑποθέσεως,
832 2386 1005 2454 οὕτως
1044 2386 1372 2475 ἀποκρίναιο
1413 2388 1509 2457 ἅν;
1556 2393 1608 2446 εἰ
1645 2391 1711 2446 δέ
1742 2413 1824 2456 τις

138 2474 306 2547 αὐτῆς
358 2478 455 2546 τῆς
506 2471 832 2540 ὑποθέσεως
885 2461 1109 2547 ἔχοιτο,
1143 2481 1358 2548 χαίρειν
1414 2477 1552 2553 ἐῴης
1604 2474 1676 2532 ἂν
1730 2478 1822 2533 καὶ

141 2562 243 2619 οὐκ
294 2561 649 2634 ἀποκρίναιο,
700 2565 801 2629 ε’ως
851 2559 922 2619 ἂν
970 2562 1038 2618 τὰ
1089 2561 1183 2619 ἀπ’
1245 2566 1455 2636 ἐκείνης
1506 2563 1822 2637 ὁρμηθέντα

141 2650 386 2719 σκέψαιο,
421 2655 475 2705 εἴ
502 2665 592 2705 σοι
623 2647 881 2720 ἀλλήλοις
914 2663 1206 2721 συμφωνεῖ
1233 2650 1267 2722 ἢ
1303 2655 1594 2723 διαφωνεῖ·
1635 2652 1819 2723 ἐπειδὴ

141 2737 203 2792 δὲ
258 2738 466 2805 ἐκείνης
521 2734 689 2806 αὐτῆς
744 2738 861 2793 δέοι
916 2754 976 2793 σε
1032 2740 1253 2794 διδόναι
1306 2738 1507 2809 λόγον,
1560 2738 1820 2804 ὡσαύτως

138 2823 209 2879 ἂν
251 2826 485 2893 διδοίης,
531 2821 705 2894 ἄλλην
745 2818 817 2879 αὖ
856 2822 1131 2881 ὑπόθεσιν
1161 2823 1524 2897 ὑποθέμενος,
1563 2825 1681 2896 ἥτις
1709 2829 1821 2882 τῶν
