2020 3198
837 164 1079 208 ΦΑΙΔΩΝ.
1693 166 1798 218 123

113 295 226 333 που
263 276 623 348 ἀναγκάζεται
669 276 781 350 ἅμα
827 300 886 334 τε
930 277 1180 351 ἡσθῆναι
1226 277 1260 351 ἢ
1301 285 1622 354 λυπηθῆναι
1661 282 1800 355 σφό-

32 399 43 402 -
116 367 224 437 δρα
263 367 357 421 ἐπί
395 387 470 441 τῳ
516 366 609 421 καὶ
645 363 933 437 ἡγεῖσθαι,
983 368 1108 440 περὶ
1154 366 1186 423 ὃ
1233 365 1307 424 ἂν
1353 371 1589 440 μάλιστα
1633 374 1798 426 τοῦτο

112 451 317 526 πάσχῃ,
354 456 520 510 τοῦτο
561 453 961 526 ἐναργέστατόν
998 475 1058 511 τε
1096 453 1241 511 εἶναι
1276 457 1370 512 καὶ
1401 457 1799 529 ἀληθέστατον,

116 538 219 610 οὐχ
259 539 435 608 οὕτως
472 546 623 614 ἔχον·
670 544 845 597 ταῦτα
883 542 946 599 δὲ
984 543 1220 614 μάλιστα
1257 543 1326 599 τὰ
1364 543 1561 615 ὁρατά·
1606 543 1642 617 ἢ
1684 544 1799 613 οὖς’

116 627 285 683 “πάνυ
306 630 404 699 γε.’
466 628 696 685 εοὐκοῦν
728 632 789 686 ἐν
811 630 990 706 τούτῳ
1018 634 1094 707 τῷ
1126 630 1298 687 πάθει
1328 632 1566 703 μάλιστα
1599 638 1607 700 Ι
1640 645 1857 689 κατα-Ι)

114 718 291 771 δεῖται
342 715 492 789 ψυχὴ
547 715 657 774 ὑπὸ
713 717 1010 789 educatos?
1074 721 1208 785 ‘au-139
1261 719 1331 791 δή
1343 722 1378 787 3'
1441 719 1546 776 εὅτι
1599 721 1799 792 ἑκάστη

112 800 293 875 ἡδονὴ
331 804 426 860 καὶ
471 804 615 877 λύπη
664 803 846 878 ὥσπερ
893 800 1034 877 ἧλον
1072 810 1276 879 ἔχουσα
1313 816 1590 882 προσηλοῖ
1624 807 1801 889 αὐτὴν

113 892 253 963 πρὸς
289 890 353 948 τὸ
393 895 552 964 σῶμα
588 894 681 948 καὶ
719 897 1074 967 προσπερονᾷ
1120 896 1214 951 καὶ
1250 907 1402 951 ποιεῖ
1436 900 1800 967 σωματοειδῆ,

112 978 458 1046 δοξάζουσαν
495 983 668 1037 ταῦτα
706 979 891 1053 ἀληθῆ
931 980 1093 1053 εἶναι,
1133 981 1272 1055 ἅπερ
1312 980 1385 1039 ἂν
1423 983 1517 1038 καὶ
1546 982 1608 1039 τὸ
1642 987 1801 1055 σῶμα

114 1070 209 1139 φῇ.
250 1070 308 1124 ἐκ
345 1066 451 1140 γὰρ
489 1072 591 1125 τοῦ
631 1067 925 1140 ὁμοδοξεῖν
962 1073 1039 1146 τῷ
1080 1070 1291 1141 σώματι
1327 1071 1421 1126 καὶ
1457 1081 1573 1136 τοῖς
1612 1070 1802 1137 αὐτοῖς
1879 1072 1882 1077 ’

113 1160 327 1227 χαίρειν
366 1154 744 1227 ἀναγκάζεται,
785 1155 955 1228 οἶμαι,
995 1156 1306 1230 ὁμότροπός
1342 1179 1401 1214 τε
1437 1159 1530 1213 καὶ
1570 1156 1801 1232 ὁμότρο-

113 1264 221 1313 φος
257 1247 553 1313 γίγνεσθαι
597 1245 691 1299 καὶ
737 1247 829 1301 οἵα
874 1247 1145 1316 μηδέποτε
1194 1249 1273 1312 εἰς
1297 1244 1494 1302 Ἅιδου
1538 1250 1802 1318 καθαρῶς

0 1337 14 1348 ”
113 1328 444 1402 ἀφικέσθαι,
499 1329 640 1386 ἀλλὰ
695 1330 783 1387 ἀεὶ
836 1336 937 1388 τοῦ
984 1332 1236 1404 σώματος
1280 1332 1527 1389 ἀναπλέα
1581 1336 1799 1405 ἐξιέναι,

114 1417 256 1474 ὥστε
300 1416 438 1489 ταχὺ
485 1418 654 1474 πάλιν
700 1424 917 1476 πίπτειν
963 1424 1041 1486 εἰς
1086 1420 1222 1477 ἄλλο
1275 1425 1433 1493 σῶμα
1476 1423 1569 1477 καὶ
1615 1421 1798 1495 ὥσπερ

116 1508 447 1579 σπειρομένη
489 1507 829 1579 ἐμφύεσθαι,
867 1509 961 1564 καὶ
1001 1511 1059 1564 ἐκ
1093 1508 1100 1582 Ι
1134 1507 1347 1565 τούτων
1385 1508 1618 1581 ἄμοιρος
1656 1509 1854 1567 εἶναιΕ

115 1597 211 1664 τῆς
247 1597 349 1651 τοῦ
386 1599 552 1651 θείου
589 1616 648 1651 τε
684 1596 778 1651 καὶ
814 1600 1074 1668 καθαροῦ
1110 1596 1204 1651 καὶ
1238 1601 1568 1668 μονοειδοῦς
1599 1614 1800 1654 συνου-

114 1683 273 1747 σίας.’
351 1679 757 1754 “ἀληθέστατα,’
797 1687 930 1755 ἔφη,
971 1685 1208 1754 “λε’γεις,’
1250 1682 1280 1739 ὁ
1320 1688 1530 1756 Κέβης,
1570 1678 1635 1741 ‘03
1674 1685 1799 1742 Σώ-

114 1771 340 1843 κρατες.’

260 1859 506 1915 XXXIV.
583 1858 837 1915 “Τούτων
890 1863 1085 1915 τοίνυν
1138 1860 1324 1930 ἕνεκα,
1379 1854 1424 1915 ὦ
1478 1861 1688 1931 Κέβης,
1743 1863 1803 1917 οἱ

114 1949 342 2012 δικαίως
395 1953 729 2018 φιλομαθεῖς
779 1946 1007 2017 κόσμιοί
1056 1950 1164 2003 εἰσι
1214 1947 1308 2002 καὶ
1361 1945 1638 2019 ἀνδρεῖοι,
1694 1947 1798 2020 οὐχ

115 2026 198 2090 ὦν
222 2036 281 2090 οἱ
299 2035 495 2090 πολλοὶ
520 2034 681 2090 ἕνεκά
706 2051 900 2105 φασιν·
931 2031 967 2105 ἢ
993 2033 1064 2090 σὺ
1096 2036 1246 2103 οἴει;’
1274 2033 1390 2108 1*οὐ
1421 2038 1560 2106 δῆτα
1591 2038 1870 2106 ἔγωγε.’84

115 2119 205 2177 (οὐ
253 2120 377 2194 γάρ,
409 2120 530 2176 ἀλλ’
576 2120 722 2178 οὕτω
767 2121 1036 2192 λογίσαιτ’
1079 2120 1153 2179 ἂν
1205 2122 1353 2195 ψυχὴ
1394 2121 1602 2194 ἀνδρὸς
1639 2130 1797 2194 φιλο-

114 2207 318 2279 σόφου,
356 2207 448 2263 καὶ
487 2205 591 2264 οὐκ
627 2205 699 2263 ἂν
739 2211 960 2279 οἰηθείη
999 2206 1100 2279 τὴν
1139 2208 1241 2279 μὲν
1287 2215 1631 2282 φιλοσοφίαν
1668 2215 1794 2284 χρῆ-

113 2316 208 2351 ναι
247 2294 450 2366 ἑαυτὴν
489 2294 671 2366 λύειν,
717 2295 962 2366 λυούσης
1000 2295 1063 2351 δὲ
1101 2298 1314 2367 ἐκείνης
1350 2296 1529 2369 αὐτὴν
1567 2303 1795 2371 παραδι-

114 2382 280 2440 δόναι
317 2393 436 2449 ταῖς
473 2381 706 2454 ἡδοναῖς
741 2383 835 2439 καὶ
873 2382 1071 2449 λύπαις
1102 2382 1307 2455 ἑαυτὴν
1336 2385 1505 2441 πάλιν
1537 2380 1610 2441 αὖ
1642 2389 1795 2457 ἐγκα-

19 2497 22 2500 >
111 2474 302 2526 ταδεῖν
339 2470 432 2526 καὶ
471 2468 751 2542 ἀνήνυτον
791 2474 957 2544 ἔργον
1002 2470 1263 2542 πράττειν
1300 2473 1634 2545 Πηνελόπης
1669 2473 1795 2530 τινὰ

114 2560 378 2624 ἐναντίως
415 2558 572 2614 [στὸν
611 2560 1150 2631 μεταχειριζομένην,
1197 2558 1336 2615 ἀλλὰ
1383 2561 1633 2631 γαλήνην
1671 2561 1797 2617 τού-

113 2667 224 2702 των
262 2645 770 2719 παρασκευάζουσα,
809 2647 1047 2718 ἑπομένη
1086 2650 1162 2723 τῷ
1201 2652 1445 2724 λογισμῷ
1484 2650 1577 2703 καὶ
1616 2646 1703 2705 ἀεὶ
1734 2652 1796 2706 ἐν

112 2733 288 2808 τούτῳ
322 2726 482 2804 οὖσα,
522 2732 585 2788 τὸ
618 2732 827 2805 ἀληθὲς
855 2735 948 2789 καὶ
978 2732 1041 2790 τὸ
1074 2741 1237 2789 θεῖον
1267 2737 1360 2790 καὶ
1390 2735 1452 2790 τὸ
1485 2735 1795 2802 ἀδόξαστον

112 2822 368 2893 θεωμένη
413 2822 505 2876 καὶ
552 2817 647 2875 ὑπ’
698 2823 913 2877 ἐκείνου
957 2823 1296 2893 τρεφομένη,
1330 2825 1338 2893 Ι
1374 2826 1471 2895 ζῆν
1516 2843 1575 2877 τε
1622 2829 1847 2878 οἴεταιΒ
