2020 3198
285 137 392 191 208
938 141 1276 186 ΠΑΑΤΩΝΟΣ
1909 147 1968 189 34
1993 60 2011 134 ἱ

431 257 581 313 XXI.
641 259 808 313 EPM.
871 256 1029 314 Εἶεν·
1066 262 1126 314 τί
1167 258 1227 315 δὲ
1265 261 1534 331 Δήμητρά
1571 280 1629 315 τε
1667 259 1759 315 καὶ
1786 260 1968 333 ’Ἡραν

284 343 375 399 καὶ
409 341 651 401 Ἀπόλλω
698 346 789 401 καὶ
823 344 1065 418 Ἀθηνᾶν
1111 347 1202 402 καὶ
1228 347 1541 418 ’Ήφαιστον
1587 347 1678 402 καὶ
1702 348 1839 420 ’Άρη
1878 347 1970 403 καὶ

286 436 418 497 τοὺς
456 435 658 499 ἄλλους
694 438 891 504 θεούς,
931 447 1044 500 πῶς
1083 435 1336 506 λέγομεν;

435 519 550 575 ΣΩ.
613 525 881 594 Δημήτηρ
925 521 1024 593 μὲν
1071 525 1325 593 φαίνεται
1366 525 1502 578 κατὰ
1538 525 1640 593 τὴν
1678 526 1837 579 δόσιν
1873 531 1969 594 τῆς

287 609 496 680 ἐδωδῆς
544 611 778 665 διδοῦσα
825 613 897 675 ὡς
943 614 1117 682 μήτηρ
1157 614 1426 683 Δημήτηρ
1465 617 1791 682 κεκλῆσθαι,
1824 611 1970 683 ’Ήρα

223 694 255 738 C
290 695 349 751 δὲ
402 698 563 769 ε’ρατή
613 718 721 767 τις,
764 703 771 765 1
814 701 995 771 ὥσπερ
1035 696 1138 754 οὖν
1175 699 1266 754 καὶ
1306 699 1518 769 λέγεται
1557 701 1586 755 ὁ
1627 703 1766 764 Ζεὺς
1803 701 1970 770 αὐτῆς

286 785 542 856 ἐρασθεὶς
588 789 746 856 ἔχειν.
833 793 963 851 ἴσως
1011 785 1071 841 δὲ
1119 793 1541 859 μετεωρολογῶν
1587 789 1616 843 ὁ
1662 787 1969 858 νομοθέτης

284 875 383 928 τὸν
429 873 562 946 ἀέρα
595 873 776 945 ’Ἠραν
825 875 1110 945 ὠνόμασεν
1148 876 1651 947 ἐπικρυπτόμενος,
1702 875 1825 940 θεὶς
1869 877 1970 945 τὴν

286 962 460 1033 ἀρχὴν
500 961 588 1016 ἐπὶ
626 965 909 1031 τελευτήν·
948 966 1140 1033 γνοίης
1180 963 1230 1017 δ’
1277 966 1363 1033 ἄν,
1403 966 1454 1019 εί
1490 965 1751 1028 πολλάκις
1790 962 1970 1032 λέγοις

283 1052 344 1104 τὸ
383 1058 478 1119 τῆς
504 1049 679 1120 ’Ήρας
719 1052 910 1121 ὄνομα.
995 1051 1350 1123 Φερρέφαττα
1391 1051 1477 1120 δέ,
1515 1051 1711 1106 πολλοὶ
1749 1049 1849 1121 μὲν
1878 1050 1969 1105 καὶ

282 1147 447 1193 τοῦτο
488 1142 796 1209 φοβοῦνται
833 1141 894 1194 τὸ
928 1141 1103 1210 ὄνομα
1133 1140 1225 1194 καὶ
1254 1142 1352 1194 τὸν
1378 1139 1639 1209 Ἀπόλλω,
1678 1140 1786 1194 ὑπὸ
1819 1140 1969 1194 ἀπει-

286 1229 430 1298 ρίας,
472 1229 545 1291 ὡς
584 1230 779 1297 ἔοικεν,
819 1229 1106 1298 ὀνομάτων
1145 1229 1462 1300 ὀρθότητος.
1536 1227 1630 1282 καὶ
1667 1230 1773 1299 γὰρ
1812 1247 1971 1298 μετα-

285 1317 583 1384 βάλλοντες
637 1324 974 1370 σκοποῦνται
1028 1318 1130 1386 τὴν
1189 1319 1578 1389 Φερσεφόνην,
1639 1315 1731 1370 καὶ
1784 1317 1969 1371 δεινὸν

211 1406 252 1451 D
287 1404 474 1468 αὐτοῖς
513 1407 789 1474 φαίνεται·
827 1406 889 1458 τὸ
924 1402 984 1458 δὲ
1015 1406 1213 1475 μηνύει
1245 1406 1428 1474 σοφὴν
1461 1401 1604 1459 εἶναι
1637 1407 1645 1471 Ι
1677 1405 1780 1473 τὴν
1808 1406 1969 1458 θεόν·

286 1493 379 1546 ἅτε
423 1494 530 1563 γὰρ
576 1491 900 1563 φερομένων
946 1502 1057 1546 τῶν
1101 1494 1435 1564 πραγμάτων
1480 1495 1543 1546 τὸ
1590 1491 1970 1562 ἐφαπτόμενον

286 1578 378 1633 καὶ
431 1580 658 1650 ἐπαφῶν
715 1578 806 1634 καὶ
861 1580 1174 1649 δυνάμενον
1230 1580 1631 1634 ἐπακολουθεῖν
1685 1582 1856 1650 σοφία
1901 1579 1970 1634 ἂν

286 1673 385 1738 εἴη.
417 1703 419 1705 -
468 1667 767 1739 Φερέπαφα
815 1663 918 1721 οὗν
966 1668 1058 1726 διὰ
1095 1668 1197 1736 τὴν
1236 1670 1441 1737 σοφίαν
1479 1667 1571 1721 καὶ
1608 1668 1710 1736 τὴν
1749 1667 1968 1737 ἐπαφὴν

286 1764 386 1811 τοῦ
433 1755 747 1827 φερομένου
777 1755 826 1824 ἡ
873 1756 1006 1819 θεὸς
1037 1754 1106 1809 ἂν
1145 1755 1329 1825 ὀρθῶς
1366 1760 1604 1824 καλοῖτο,
1643 1755 1677 1824 ἢ
1715 1758 1969 1810 τοιοῦτόν

286 1862 361 1899 τι·
416 1840 489 1898 δι’
542 1844 675 1914 ὅπερ
721 1842 812 1897 καὶ
859 1845 1117 1897 σύνεστιν
1164 1843 1300 1913 αὐτῇ
1349 1842 1379 1896 ὁ
1412 1840 1603 1912 Ἅιδης
1650 1844 1824 1913 σοφὸς
1869 1844 1967 1911 ὥν,

290 1935 432 1987 διότι
461 1933 686 2000 τοιαύτη
720 1931 886 2000 ἐστίν,
917 1939 1024 1985 νῦν
1058 1928 1118 1986 δὲ
1150 1932 1317 1999 αὐτῆς
1349 1930 1661 1985 ἐκκλίνουσι
1699 1932 1762 1984 τὸ
1795 1931 1970 2000 ὄνομα

289 2022 584 2090 εὐστομίαν
651 2019 775 2091 περὶ
836 2022 1089 2083 πλείονος
1153 2020 1475 2090 ποιούμενοι
1534 2026 1631 2088 τῆς
1690 2019 1968 2088 ἀληθείας,

290 2110 427 2164 ὥστε
471 2108 861 2180 Φερρέφατταν
901 2109 1075 2177 αὐτὴν
1112 2113 1314 2162 καλεῖν.
1377 2109 1579 2161 ταύτὸν
1619 2104 1681 2161 δὲ
1717 2106 1807 2162 καὶ
1843 2106 1967 2178 περὶ

219 2206 256 2250 Ε
289 2199 386 2251 τὸν
421 2198 428 2266 Ι
458 2195 719 2265 Ἀπόλλω,
760 2197 892 2267 ὅπερ
934 2196 1091 2265 λέγω,
1130 2195 1325 2250 πολλοὶ
1363 2198 1705 2265 πεφόβηνται
1742 2194 1867 2266 περὶ
1905 2196 1966 2249 τὸ

290 2287 465 2355 ὄνομα
526 2293 625 2339 τοῦ
686 2291 851 2354 θεοῦ,
914 2285 987 2348 ὥς
1039 2304 1091 2338 τι
1148 2285 1333 2338 δεινὸν
1387 2285 1716 2353 μηνύοντος·
1776 2282 1811 2351 ἢ
1866 2282 1967 2336 οὐκ

289 2371 560 2442 ᾔσθησαις

435 2460 601 2514 ΕΡΜ.
664 2461 828 2514 Πάνυ
867 2458 967 2530 μὲν
1007 2455 1127 2527 οὖν,
1166 2457 1255 2512 καὶ
1295 2458 1474 2526 ἀληθῆ
1513 2456 1699 2525 λέγεις.

441 2546 556 2601 ΣΩ.
634 2549 708 2600 Τὸ
767 2546 831 2622 δέ
872 2545 923 2616 γ’
970 2547 1143 2614 ἐστίν,
1190 2546 1263 2608 ὡς
1309 2543 1428 2614 ἐμοὶ
1475 2546 1649 2613 δοκεῖ,
1705 2545 1966 2599 κάλλιστα

291 2637 543 2706 κείμενον
581 2635 718 2707 πρὸς
755 2636 857 2703 τὴν
898 2635 1134 2704 δύναμιν
1172 2641 1271 2687 τοῦ
1310 2638 1462 2687 θεοῦ.

438 2723 601 2777 ΕΡΜ,
664 2724 794 2786 Πῶς
834 2724 927 2791 δή;

442 2810 557 2865 ΣΩ..
614 2809 749 2878 Ἐγὼ
789 2810 1115 2881 πειράσομαι
1154 2810 1363 2881 φράσαι
1403 2810 1431 2863 ὅ
1470 2808 1535 2877 γέ
1562 2828 1654 2879 μοι
1687 2808 1960 2879 φαίνεται·
