2020 3198
239 140 309 193 62
909 137 1246 182 ΠΛΑΤΩΝΟΣ

235 259 288 313 εἰ
322 255 430 327 γάρ
468 277 551 321 τις
588 254 929 327 ἀφικόμενος
968 258 1045 320 εἰς
1068 252 1290 323 Ἅιδου,
1336 251 1666 324 ἀπαλλαγεὶς
1701 253 1916 311 τούτων

165 358 218 398 41
240 343 370 418 Ιτῶν
395 342 727 415 φασκόντων
759 345 1035 399 δικαστῶν
1068 338 1237 411 εἶναι,
1277 339 1499 413 εὑρήσει
1528 341 1660 408 τοὺς
1689 340 1918 414 ἀληθῶς

239 430 518 502 δικαστάς,
559 433 714 504 οἵπερ
751 431 845 487 καὶ
883 431 1138 501 λέγονται
1176 432 1289 486 ἐκεῖ
1325 429 1584 503 δικάζειν,
1623 434 1824 496 Μίνως
1859 451 1918 486 τε

237 519 330 575 καὶ
380 517 774 590 Ῥαδάμανθυς
837 518 931 574 καὶ
982 516 1195 583 Αἰακὸς
1252 518 1347 573 καὶ
1405 517 1774 591 Τριπτόλεμος
1825 519 1918 574 καὶ
2002 535 2003 538 ’

238 607 398 664 ἄλλοι
460 605 585 664 ὅσοι
645 610 758 663 τῶν
819 604 1072 678 ἡμιθέων
1134 609 1340 662 δίκαιοι
1401 607 1657 677 ἐγένοντο
1721 609 1781 664 ἐν
1839 610 1917 682 τῷ

239 696 451 752 ἑαυτῶν
497 700 627 772 βίῳ,
682 689 791 768 ἀρα
838 694 1025 766 φαύλη
1074 690 1145 750 ἂν
1191 702 1275 765 εἴη
1321 693 1356 766 ἡ
1404 692 1709 766 ἀποδημίας
1762 690 1797 766 ἢ
1845 687 1918 750 αὖ

233 781 423 856 Ὀρφεῖ
473 785 838 855 ξυγγενέσθαι
898 783 990 838 καὶ
1043 788 1318 856 Μουσαίῳ
1379 783 1473 838 καὶ
1524 780 1766 858 (Ησιόδῳ
1826 781 1920 838 καὶ

232 869 446 946 Ὁμήρῳ
495 872 583 927 ἐπὶ
630 871 783 947 πόσῳ
833 869 904 927 ἄν
954 892 1036 937 τις
1082 870 1280 938 δέξαιτ’
1324 867 1397 926 ἂν
1436 869 1621 942 ὑμῶν;
1670 870 1776 941 ἐγῶ
1816 869 1919 941 μὲν

238 957 346 1032 γὰρ
385 958 647 1025 πολλάκις
681 960 836 1015 ’θέλω
874 957 1170 1029 τεθνάναι,
1219 962 1270 1014 εἰ
1312 956 1461 1014 ταῦτ’
1513 962 1662 1013 ἔστιν
1709 957 1919 1030 ἀληθῆ·

241 1047 356 1102 ἐπεὶ
391 1050 576 1117 ἔμοιγε
605 1045 698 1102 καὶ
724 1045 872 1122 αὐτῷ
905 1044 1200 1117 θαυμαστὴ
1242 1042 1314 1102 ἂν
1352 1053 1436 1117 εἴη
1470 1044 1504 1117 ἡ
1537 1045 1790 1117 διατριβὴ
1823 1045 1916 1101 αὐ-

182 1147 219 1191 Β
238 1133 387 1205 τόθι,
410 1132 600 1209 Ιὸπότε
631 1133 914 1205 ἐντύχοιμι
944 1133 1273 1206 Παλαμήδει
1294 1135 1387 1189 καὶ
1410 1141 1611 1190 Αἴαντι
1641 1138 1716 1209 τῷ
1755 1140 1916 1190 Τελα-

2015 1218 2020 1226 .
2007 986 2020 1139 amasn-
2008 843 2020 971 „nana—2
2006 816 2020 831 .·’
2007 783 2020 803 .·
1998 688 2006 697 ““
2007 666 2011 667 ’

239 1226 423 1294 μῶνος
451 1223 545 1278 καὶ
577 1230 731 1288 εἴτις
754 1221 921 1288 ἄλλος
951 1224 1065 1278 τῶν
1096 1224 1347 1278 παλαιῶν
1381 1220 1473 1277 διὰ
1505 1226 1690 1294 κρίσιν
1721 1221 1918 1279 ἄδικον

237 1312 533 1382 τέθνηκεν,
586 1308 1127 1383 ἀντιπαραβάλλοντι
1176 1308 1241 1365 τὰ
1295 1312 1534 1380 ἐμαυτοῦ
1579 1309 1735 1382 πάθη
1782 1309 1919 1383 πρὸς
2007 1303 2020 1371 f

237 1398 306 1454 τὰ
354 1401 607 1468 ἐκείνων,
662 1396 736 1463 ὡς
783 1397 888 1469 ἐγὼ
938 1396 1115 1469 οἶμαι,
1172 1396 1275 1454 οὐκ
1313 1394 1385 1453 ὂὶν
1438 1396 1617 1470 ἀηδὴς
1667 1407 1767 1470 εἴη.
1826 1398 1915 1454 καὶ

241 1487 310 1558 δὴ
349 1486 412 1543 τὸ
453 1488 737 1558 μέγιστον,
784 1485 915 1552 τοὺς
963 1488 1076 1541 ἐκεῖ
1111 1485 1425 1552 ἐξετάζοντα
1469 1486 1562 1541 καὶ
1610 1489 1917 1559 ἐρευνῶντα

240 1574 422 1648 ῶσπερ
460 1574 592 1641 τούς
624 1578 869 1631 ἐνταῦθα
909 1574 1151 1645 διάγειν,
1197 1580 1278 1639 τίς
1315 1572 1501 1630 αὐτῶν
1548 1574 1724 1646 σοφός
1770 1577 1919 1631 ἐστιν
2003 1586 2020 1610 <³

238 1663 332 1718 καὶ
368 1668 450 1729 τίς
489 1671 659 1719 οἴεται
699 1663 818 1734 μέν,
858 1666 1007 1717 ἔστιν
1047 1660 1099 1717 δ’
1144 1660 1228 1717 οὔ.
1299 1661 1384 1718 ἐπὶ
1422 1661 1575 1737 πόσῳ
1616 1660 1668 1717 δ’
1711 1661 1783 1718 ἄν
1820 1683 1918 1734 τις,
2008 1651 2020 1706 ,j

240 1745 284 1808 ῶ
324 1751 526 1825 ἄνδρες
565 1754 842 1821 δικασταί,
890 1751 1102 1816 δέξαιτο
1143 1749 1389 1816 ἐξετάσαι
1426 1748 1526 1805 τὸν
1573 1749 1662 1806 ἐπὶ
1713 1754 1920 1822 Τροίαν
2005 1749 2013 1764 ²

189 1839 523 1911 Οάγαγόντα
560 1839 663 1911 τὴν
702 1837 913 1910 πολλὴν
960 1837 1222 1911 στρατιὰν
1268 1834 1303 1909 ἢ
1340 1836 1600 1893 Ὀδυσσέα
1637 1834 1672 1909 ἢ
1708 1844 1715 1907 Ι
1750 1843 1915 1895 Σίσυ-
1996 1855 1999 1857 ’

240 1951 376 2000 φον,
415 1925 451 2000 ἢ
491 1926 695 1993 ἄλλους
733 1932 966 2000 μυρίους
1004 1925 1075 1981 ἄν
1121 1947 1201 1992 τις
1247 1933 1391 1981 εἴποι
1435 1926 1528 1980 καὶ
1573 1923 1783 1998 ἄνδρας
1825 1926 1920 1982 καὶ
1996 1962 1997 1966 =

238 2028 529 2088 γυναῖκας;
571 2011 654 2081 οἷς
693 2017 806 2071 ἐκεῖ
834 2015 1190 2085 διαλέγεσθαι
1220 2013 1312 2069 καὶ
1344 2015 1587 2079 ξυνεῖναι
1624 2014 1717 2069 καὶ
1749 2013 1917 2080 ἐξετά-

242 2111 350 2172 ζειν
389 2103 678 2177 ἀμήχανον
718 2100 790 2159 ἂν
830 2111 914 2174 εἴη
955 2101 1325 2173 εὐδαιμονίας.
1370 2100 1590 2167 πάντως
1629 2099 1697 2157 οὐ
1737 2101 1920 2173 δήπου

238 2192 441 2249 τούτου
492 2215 555 2263 γε
618 2194 776 2248 ἕνεκα
828 2193 886 2246 οἱ
943 2192 1056 2247 ἐκεῖ
1112 2190 1521 2245 ἀποκτείνουσι·
1582 2187 1649 2244 τά
1702 2210 1761 2245 τε
1811 2188 1918 2262 γὰρ
1999 2240 2002 2241 ⁷

241 2280 382 2337 ἄλλα
422 2278 911 2352 εὐδαιμονέστεροί
953 2282 1095 2334 εἰσιν
1143 2280 1201 2333 οἰ
1243 2279 1356 2333 ἐκεῖ
1396 2280 1510 2333 τῶν
1557 2276 1787 2343 ἐνθάδε,
1826 2278 1914 2332 καὶ

239 2368 347 2440 ἤδη
394 2369 495 2424 τὸν
540 2366 737 2423 λοιπὸν
784 2366 992 2438 χρόνον
1040 2365 1324 2421 ἀθάνατοί
1357 2367 1524 2433 εἰσιν,
1564 2371 1712 2436 εἴπερ
1751 2386 1814 2436 γε
1850 2364 1918 2421 τὰ
1993 2391 1995 2393 ’

239 2456 510 2528 λεγόμενα
549 2454 735 2526 ἀληθῆ
777 2457 937 2510 ἐστιν.

1996 2502 2020 2523 ..1

384 2545 637 2598 XXXIII.
675 2541 840 2598 Ἀλλά
873 2541 966 2597 καὶ
997 2539 1140 2612 ὑμᾶς
1171 2540 1300 2613 χρή,
1332 2533 1377 2597 ῶ
1410 2539 1610 2613 ἄνδρες
1649 2544 1916 2611 δικασταί,
1991 2519 2009 2540 ⁴⁸

240 2631 530 2696 εὐέλπιδας
571 2628 714 2687 εἶναι
759 2629 898 2703 πρὸς
942 2628 1042 2685 τὸν
1087 2628 1367 2698 θάνατον,
1412 2629 1504 2683 καὶ
1551 2630 1612 2684 ἕν
1656 2649 1709 2685 τι
1753 2632 1917 2685 τοῦτο
2008 2687 2009 2690 ,

182 2724 591 2777 Βδιανοεῖσθαι
652 2718 883 2789 ἀληθές,
947 2715 1032 2773 ὅτι
1086 2715 1187 2773 οὐκ
1248 2721 1396 2772 ἔστιν
1451 2715 1616 2790 ἀνδρὶ
1663 2719 1671 2787 1
1720 2714 1918 2790 ἀγαθῷ
1994 2712 2014 2763 's‘

238 2807 411 2866 κακὸν
451 2807 620 2864 οὐδὲν
661 2805 787 2862 οὔτε
829 2807 988 2872 ζῶντι
1022 2803 1149 2861 οὔτε
1178 2803 1588 2875 τελευτήσαντι,
1629 2800 1762 2859 οὐδὲ
1791 2801 1917 2875 ἀμε-
1994 2795 1999 2815 ⁵

1995 2884 2014 2903 ,ν
