2020 3198
851 173 1092 218 ΦΑΙΔΩΝ.
1712 172 1813 225 101

139 291 314 358 λύπας
364 292 456 348 καὶ
511 289 693 363 φόβον
745 289 884 363 πρὸς
937 289 1119 361 φόβον
1172 289 1665 360 καταλλάττεσθαι,
1725 290 1818 346 καὶ

141 385 300 451 μείζω
339 379 478 452 πρὸς
516 379 743 450 ἐλάττω,
792 376 974 451 ῶσπερ
1013 382 1349 449 νομίσματα,
1396 375 1517 433 ἀλλ’
1561 370 1597 450 ᾖ
1639 379 1816 434 ἐκεῖνο

142 468 319 539 μόνον
357 466 419 523 τὸ
459 466 704 538 νόμισμα
744 465 951 537 ὀρθόν,
991 465 1116 521 ἀντὶ
1157 459 1225 522 οὖ
1265 469 1354 521 δεῖ
1389 463 1607 521 ἅπαντα
1645 469 1818 522 ταῦτα

139 555 625 625 καταλλάττεσθαι,
659 561 668 622 Ι
701 554 992 627 φρόνησις,
1022 555 1114 609 καὶ
1145 553 1348 609 τούτου
1379 553 1480 624 μὲν
1512 553 1691 609 πάντα
1721 553 1867 608 καὶΒ

141 643 273 715 μετὰ
290 645 490 699 τούτου
514 641 807 714 ῶνούμενά
824 663 881 697 τε
896 642 988 696 καὶ
1004 641 1423 714 πιπρασκόμενα
1440 645 1515 717 τῷ
1536 641 1657 697 ὄντι
1673 635 1708 714 ᾗ
1726 642 1820 696 καὶ

141 730 372 803 ἀνδρεία
407 732 501 786 καὶ
531 729 868 802 σωφροσύνη
899 729 992 784 καὶ
1023 728 1349 800 δικαιοσύνη
1380 730 1472 784 καὶ
1505 728 1820 799 ξυλλήβδην

141 816 357 890 ἀληθὴς
402 817 568 892 ἀρετὴ
615 817 747 889 μετὰ
793 817 1140 890 φρονήσεως,
1187 819 1280 873 καὶ
1326 817 1819 890 προσγιγνομένων

139 906 233 961 καὶ
278 904 734 977 ἀπογιγνομένων
779 906 871 960 καὶ
919 903 1143 976 ἡδονῶν
1188 905 1281 960 καὶ
1327 904 1524 976 φόβων
1570 905 1662 959 καὶ
1707 906 1821 960 τῶν

142 993 327 1050 ἄλλων
350 993 574 1050 πάντων
597 997 709 1049 τῶν
733 992 1023 1049 τοιούτων·
1047 992 1387 1066 χωριζόμενα
1412 992 1474 1048 δὲ
1497 991 1823 1065 φρονήσεως

141 1081 233 1136 καὶ
273 1078 650 1151 ἀλλαττόμενα
695 1079 821 1134 ἀντὶ
867 1077 1123 1150 ἀλλήλων
1170 1079 1243 1150 μὴ
1285 1085 1622 1152 σκιαγραφία
1666 1102 1748 1145 τις
1784 1072 1821 1152 ᾗ

141 1166 176 1240 ἡ
225 1167 450 1238 τοιαύτη
498 1165 662 1239 ἀρετὴ
710 1167 801 1222 καὶ
847 1169 920 1242 τῷ
971 1165 1091 1222 ὄντι
1141 1165 1584 1239 ἀνδραποδώδης
1628 1189 1686 1223 τε
1729 1169 1823 1223 καὶ

146 1254 312 1311 οὐδὲν
349 1252 501 1324 ὑγιὲς
532 1252 654 1309 οὐδ’
692 1253 899 1324 ἀληθὲς
938 1257 1051 1326 ἔχῃ,
1090 1253 1151 1310 τὸ
1193 1253 1245 1309 δ’
1281 1253 1489 1325 ἀληθὲς
1518 1259 1593 1332 τῷ
1635 1254 1756 1311 ὄντι
1789 1249 1822 1328 ᾖ

143 1341 415 1413 κάθαρσίς
451 1363 533 1407 τις
563 1344 675 1397 τῶν
705 1340 976 1397 τοιούτων
1007 1340 1252 1412 πάντων,
1283 1342 1376 1397 καὶ
1406 1340 1441 1413 ἡ
1482 1342 1821 1415 σωφροσύνη

144 1430 235 1485 καὶ
264 1431 269 1504 Ι
296 1428 330 1500 ἡ
357 1428 685 1500 δικαιοσύνη
718 1429 810 1484 καὶ
843 1427 1074 1500 ἀνδρεία
1104 1430 1197 1485 καὶ
1229 1428 1365 1501 αὐτὴ
1390 1428 1424 1502 ἡ
1450 1430 1724 1503 φρόνησις
1745 1430 1818 1503 μὴ
1839 1441 1872 1487 G

145 1516 432 1590 καθαρμός
468 1538 550 1582 τις
587 1509 640 1589 ᾖ.
677 1517 770 1571 καὶ
808 1516 1203 1573 κινδυνεύουσι
1239 1519 1332 1572 καὶ
1382 1519 1440 1572 οί
1472 1517 1571 1584 τὰς
1608 1518 1824 1585 τελετὰς

147 1603 277 1676 ἡμῖν
317 1597 470 1660 οὗτοι
514 1603 950 1675 καταστήσαντες
988 1604 1057 1661 ού
1097 1608 1304 1676 φαῦλοι
1353 1603 1522 1675 εἶναι,
1562 1605 1705 1662 ἀλλὰ
1743 1610 1819 1682 τῷ

145 1692 266 1749 ὄντι
303 1692 470 1748 πάλαι
509 1695 877 1763 αἰνίττεσθαι,
926 1691 1036 1764 ὄτι,
1085 1691 1146 1758 ὃς
1183 1690 1255 1749 ἂν
1295 1692 1538 1764 ἀμύητος
1573 1694 1667 1749 καὶ
1705 1693 1824 1751 ἀτέ-

143 1787 332 1846 λεστος
369 1783 447 1845 εἰς
470 1777 666 1835 Ἅιδου
697 1778 975 1851 ἀφίκηται,
1016 1783 1076 1837 ἐν
1107 1781 1364 1856 βορβόρῳ
1397 1785 1650 1851 κείσεται,
1692 1780 1722 1838 ὁ
1761 1783 1824 1838 δὲ

143 1867 554 1939 κεκαθαρμένος
598 1887 656 1922 τε
700 1867 793 1921 καὶ
837 1868 1217 1938 τετελεσμένος
1263 1871 1435 1924 ἐκεῖσε
1486 1867 1825 1941 ἀφικόμενος

145 1955 277 2027 μετὰ
314 1957 468 2011 θεῶν
514 1953 737 2024 οἰκήσει.
814 1955 957 2010 εἰσὶν
995 1955 1100 2027 γὰρ
1142 1955 1238 2027 δή,
1277 1954 1352 2021 ῶς
1389 1972 1563 2027 φασιν
1605 1959 1663 2012 οἱ
1698 1958 1823 2030 περὶ

143 2042 240 2108 τὰς
276 2041 517 2112 τελετάς,
555 2042 981 2115 ναρθηκοφόροι
1019 2043 1121 2114 μὲν
1159 2049 1380 2114 πολλοί,
1426 2043 1621 2116 βάκχοι
1667 2046 1732 2102 δέ
1765 2067 1824 2101 τε

145 2133 369 2203 παῦροι·
423 2122 579 2186 οὗτοι
626 2128 677 2185 δ’
736 2130 877 2185 εἰσὶν
912 2136 919 2198 Ι
952 2130 1088 2185 κατὰ
1141 2130 1244 2202 τὴν
1297 2130 1434 2203 ἐμὴν
1495 2133 1665 2199 δόξαν
1720 2133 1880 2190 οὐκΙ)

146 2216 305 2273 ἄλλοι
349 2214 384 2288 ἢ
432 2219 489 2272 οἰ
529 2216 1037 2288 πεφιλοσοφηκότες
1083 2217 1284 2291 ὀρθῶς.
1347 2213 1428 2276 ῶν
1475 2219 1545 2291 δὴ
1583 2221 1675 2276 καὶ
1715 2220 1821 2292 ἐγῶ

144 2305 280 2362 κατά
317 2327 380 2377 γε
416 2304 479 2361 τὸ
520 2305 763 2362 δυνατὸν
803 2304 972 2361 οὐδὲν
1012 2304 1279 2362 ἀπέλιπον
1312 2308 1373 2362 ἐν
1410 2310 1486 2383 τῷ
1519 2312 1642 2383 βίῳ,
1681 2308 1823 2365 ἀλλὰ

144 2394 307 2449 παντὶ
358 2393 543 2470 τρόπῳ
596 2394 1017 2467 προυθυμήθην
1078 2396 1365 2465 γενέσθαι·
1421 2399 1471 2451 εἰ
1524 2395 1576 2451 δ’
1636 2395 1825 2469 ὀρθῶς

144 2480 560 2554 προυθυμήθην
611 2486 710 2537 καί
755 2503 807 2537 τι
859 2480 1171 2554 ἠνύσαμεν,
1228 2484 1398 2539 ἐκεῖσε
1454 2483 1714 2550 ἐλθόντες
1759 2484 1822 2539 τὸ

146 2569 318 2640 σαφὲς
356 2567 647 2639 εἰσόμεθα,
695 2565 767 2625 ἄν
804 2568 940 2635 θεὸς
980 2571 1172 2642 ἐθέλῃ,
1220 2569 1412 2641 ὀλίγον
1450 2569 1710 2644 ὕστερον,
1750 2569 1825 2637 ῶς

147 2656 267 2727 ἐμοὶ
313 2659 477 2711 δοκεῖ.
528 2654 681 2712 ταῦτ’
733 2650 837 2712 οὖν
884 2657 1029 2727 ἐγῶ,’
1077 2661 1182 2728 ἔφη
1194 2700 1209 2728 ,
1259 2651 1329 2714 “ῶ
1369 2663 1583 2729 Σιμμία
1627 2681 1684 2714 τε
1729 2660 1824 2714 καὶ

146 2744 354 2814 Κέβης,
393 2740 797 2815 ἀπολογοῦμαι,
844 2742 918 2810 ῶς
956 2744 1179 2810 εἰκότως
1224 2742 1366 2815 ὑμᾶς
1411 2767 1469 2801 τε
1508 2744 1822 2802 ἀπολείπων

143 2830 236 2885 καὶ
288 2829 418 2895 τοὺς
472 2831 676 2886 ἐνθάδε
734 2833 1000 2897 δεσπότας
1055 2830 1122 2888 ού
1177 2836 1424 2903 χαλεπῶς
1479 2834 1631 2905 φέρω
1696 2831 1817 2888 οὐδ’
