2020 3198
190 168 263 221 92
863 171 1204 215 ΠΛΑΤῼΝΟΣ

188 286 282 341 καὶ
349 284 493 358 ἡμᾶς
560 286 875 344 ἀπολείπων
942 288 1035 343 καὶ
1105 287 1378 361 ἄρχοντας
1437 287 1719 361 ἀγαθούς,
1800 286 1875 356 (ὃς

190 371 358 440 αὐτὸς
399 375 406 448 Ι
449 372 762 446 ὁμολογεῖς,
830 374 1043 441 θεούς.’
1122 378 1380 447 ’δίκαιαξ
1447 380 1580 449 ἔφη,
1651 378 1874 449 (λέγετε.

137 459 346 533 Βοῖμαι
391 460 500 535 γὰρ
538 460 682 534 ὑμᾶς
719 463 925 535 λέγειν,
974 461 1060 519 ὅτι
1105 463 1209 537 χρή
1250 486 1316 534 με
1354 462 1492 537 πρὸς
1529 469 1702 522 ταῦτα
1741 465 1874 522 ἀπο-

188 550 539 622 λογήσασθαι
592 550 774 626 ὥσπερ
828 553 889 607 έν
945 554 1311 628 δικαστηρι’ῳ.’
1366 552 1535 609 ‘wdvv
1582 554 1684 626 μὲν
1723 547 1874 625 οὖν,’

190 643 296 711 ἔφη
337 637 367 695 ὁ
407 644 664 712 Σιμμίας.

338 730 488 785 VIII.
537 731 708 802 εΦέρε
741 730 857 801 δή,’
889 724 924 802 ἦ
957 728 1012 786 δ’
1051 730 1137 803 ὅς,
1172 734 1450 805 “πειραθῶ
1485 731 1874 805 πιθανώτερον

189 814 330 888 πρὸς
365 813 512 888 ὑμᾶς
549 816 1012 890 ἀπολογήσασθαι
1043 819 1078 891 ἢ
1111 820 1251 892 πρὸς
1280 820 1412 886 τοὺς
1443 819 1717 886 δικαστάς.
1768 818 1873 891 ἐγώ

190 904 337 977 γάρ,’
378 908 510 977 ἔφη,
551 899 623 962 εὦ
662 911 877 978 Σιμμία
918 928 973 963 τε
1009 908 1102 963 καὶ
1133 909 1335 979 Κέβης,
1375 911 1426 964 εἰ
1463 908 1564 980 μὲν
1603 907 1677 981 μὴ
1718 908 1874 986 ᾤμην

190 991 343 1065 ἥξειν
381 997 605 1067 πρῶτον
644 994 747 1066 μὲν
784 994 932 1069 παρὰ
968 995 1144 1062 θεοὺς
1189 995 1394 1063 ἄλλους
1434 997 1651 1069 σοφούς
1687 1018 1745 1054 τε
1782 997 1875 1054 καὶ

191 1079 465 1152 ἀγαθούς,
505 1086 687 1139 ἔπειτα
725 1084 819 1139 καὶ
863 1082 993 1157 παρ’
1044 1083 1385 1158 ἀνθρώπους
1429 1085 1875 1156 τετελευτηκότας

191 1167 456 1241 ἀμείνους
491 1174 605 1227 τῶν
645 1172 878 1243 ἐνθάδε,
919 1171 1154 1244 ἠδίκουν
1185 1170 1260 1228 ἄν
1292 1169 1394 1229 οὐκ
1432 1171 1761 1244 ἀγανακτῶν
1798 1177 1874 1250 τῷ

141 1258 443 1332 Οθανάτῳ·
481 1262 591 1316 νῦν
632 1259 695 1316 δὲ
732 1254 795 1317 εὖ
836 1268 969 1332 ἴστε,
1001 1259 1087 1318 ὅτι
1120 1267 1129 1331 Ι
1161 1259 1292 1334 παρ’
1336 1260 1548 1332 ἄνδρας
1583 1283 1643 1318 τε
1681 1263 1876 1329 ἐλπίζω

191 1347 492 1419 ἀφίξεσθαι
531 1347 804 1420 ἀγαθούς·
843 1351 934 1406 καὶ
965 1354 1129 1406 τοῦτο
1162 1350 1264 1422 μὲν
1297 1349 1401 1406 οὐκ
1440 1347 1511 1405 ἂν
1549 1349 1700 1406 πάνυ
1738 1354 1877 1406 διισ-

190 1441 549 1509 χυρισαίμην·
605 1435 690 1493 ὅτι
735 1438 924 1509 μέντοι
977 1438 1125 1512 παρὰ
1179 1438 1353 1506 θεοὺς
1407 1438 1676 1505 δεσπότας
1727 1438 1877 1494 πάνυ

192 1522 447 1595 ἀγαθοὺς
471 1523 648 1596 ἥξειν,
675 1519 737 1581 εὖ
763 1532 895 1597 ἴστε,
922 1525 1027 1597 ὅτι,
1052 1533 1203 1600 εἴπερ
1226 1549 1279 1582 τι
1303 1525 1437 1582 ἄλλο
1456 1529 1569 1583 τῶν
1584 1526 1875 1598 τοιούτων,

194 1616 645 1686 διισχυρισαίμην
694 1609 766 1669 ἂν
817 1614 910 1670 καὶ
958 1617 1139 1670 τοῦτο.
1216 1612 1355 1670 ὥστε
1407 1613 1499 1670 διὰ
1551 1618 1724 1671 ταῦτα
1773 1614 1876 1688 οὐχ

194 1699 400 1774 ὁμοίως
452 1699 769 1773 ἀγανακτῶ,
832 1700 950 1758 ἀλλ’
1011 1701 1227 1768 εὔελπίς
1288 1706 1399 1774 εἰμι
1461 1700 1612 1759 εἷναί
1656 1724 1710 1759 τι
1762 1713 1875 1769 τοῖς

191 1788 601 1861 τετελευτηκόσι
638 1795 757 1860 καί,
797 1788 979 1864 ὥσπερ
1018 1813 1080 1862 γε
1118 1791 1210 1846 καὶ
1249 1793 1419 1847 πάλαι
1456 1792 1694 1862 λέγεται,
1732 1790 1877 1847 πολὺ

193 1876 428 1950 ἄμεινον
476 1889 592 1945 τοῖς
637 1877 876 1950 ἀγαθοῖς
922 1876 958 1950 ἢ
1004 1889 1121 1945 τοῖς
1157 1880 1389 1946 κακοῖς.’
1444 1880 1527 1935 ετί
1561 1872 1711 1950 οὖν,’
1768 1883 1874 1951 ἔφη

193 1964 223 2023 ὁ
265 1971 533 2038 Σιμμίας,
590 1959 659 2023 ‘03
698 1967 1016 2040 Σώκρατες;
1073 1965 1239 2033 αὐτὸς
1286 1971 1429 2040 ἔχων
1474 1965 1575 2039 τὴν
1615 1965 1875 2025 διάνοιαν

140 2054 402 2127 Πταύτην
442 2057 503 2112 ἐν
541 2057 622 2131 νῷ
663 2059 802 2127 ἔχεις
838 2055 1083 2126 ἀπιέναι,
1129 2052 1164 2127 ἢ
1204 2052 1309 2111 κᾶν
1347 2054 1482 2127 ἡμῖν
1516 2062 1524 2124 Ι
1558 2059 1875 2127 μεταδοίης;

192 2142 388 2200 κοινὸν
434 2142 543 2215 γὰρ
591 2142 661 2215 δὴ
711 2148 896 2215 ἔμοιγε
943 2147 1099 2200 δοκεῖ
1139 2144 1232 2199 καὶ
1278 2141 1412 2215 ἡμῖν
1459 2141 1604 2199 εἶναι
1650 2143 1875 2216 ἀγαθὸν

192 2234 382 2301 τοῦτο,
429 2231 523 2287 καὶ
569 2229 683 2302 ἅμα
721 2247 811 2287 σοι
849 2229 1122 2303 ἀπολογία
1163 2234 1336 2303 ἐστίν,
1377 2230 1477 2289 ἐὰν
1524 2230 1662 2305 ἅπερ
1701 2234 1875 2304 λέγεις

194 2317 338 2391 ἡμᾶς
374 2321 598 2392 πείσῃς.’
677 2317 843 2375 εἀλλά
888 2319 1277 2393 πειράσομαι,’
1317 2323 1438 2391 ἔφη.
1516 2322 1766 2392 ςπρῶτον
1813 2321 1874 2377 δὲ

193 2411 452 2479 Κρίτωνα
490 2406 654 2463 τόνδε
693 2406 1051 2478 σκεψώμεθα,
1091 2411 1148 2462 τί
1183 2408 1331 2463 ἐστιν
1371 2404 1402 2463 ὃ
1433 2405 1748 2477 βούλεσθαί
1779 2429 1874 2479 μοι

196 2500 351 2552 δοκεῖ
384 2494 555 2550 πάλαι
586 2496 795 2551 εἰπεῖν’
836 2496 930 2564 ετί,
964 2488 1008 2550 αἶ
1040 2493 1387 2567 Σώκρατες,’
1427 2498 1533 2566 ἔφη
1566 2492 1595 2550 ὁ
1630 2499 1873 2568 Κρίτων,

195 2582 360 2639 “ἇ’λλο
400 2605 463 2654 γε
500 2580 535 2654 ἢ
575 2582 745 2639 πάλαι
783 2604 877 2654 μοι
924 2583 1068 2654 λέγει
1109 2580 1138 2638 ὁ
1179 2583 1395 2653 μέλλων
1441 2598 1531 2639 σοι
1571 2582 1773 2639 δαίσειν
1810 2582 1874 2640 τὸ

195 2671 517 2745 φάρμακον,
574 2670 658 2727 ’ὅτι
712 2671 815 2743 χρή
864 2687 952 2727 σοι
1006 2670 1233 2744 φράζειν
1281 2669 1356 2737 ὡς
1402 2671 1657 2742 ἐλάχιστα
1696 2673 1874 2727 διαλέ-

195 2767 420 2831 ysenam
453 2760 591 2831 φησὶ
623 2758 728 2831 γὰρ
761 2763 1167 2831 θερμαίνεσθαι
1192 2763 1404 2830 μᾶλλον
1429 2760 1874 2831 διαλεγομένους,

196 2851 316 2904 δεῖν
364 2846 426 2903 δὲ
471 2844 639 2903 οὐδὲν
686 2850 944 2903 τοιοῦτον
990 2847 1327 2919 προσφέρειν
1372 2850 1447 2923 τῷ
1495 2847 1787 2922 φαρμάκῳ·
1826 2850 1878 2903 εἰ
