2020 3198
193 199 266 250 46
870 201 1207 246 ΠΛΑΤῼΝΟΣ

136 324 174 369 Ε
195 317 643 388 ἐπιμελούμενος,
678 315 825 384 ὅπως
856 333 944 373 σοι
985 322 1135 374 ἔσται
1168 317 1241 384 ὥς
1272 326 1516 391 πλεῖστα,
1553 319 1681 380 null
1712 319 1884 392 δόξης

192 404 285 459 καὶ
323 409 499 477 τιμῆς,
539 405 863 478 φρονήσεως
903 406 965 462 δὲ
1002 407 1094 462 καὶ
1134 406 1400 478 ἀληθείας
1431 407 1523 462 καὶ
1552 410 1650 478 τῆς
1679 411 1876 480 ψυχῆς,

193 489 341 559 ὅπως
386 491 461 559 ὡς
506 498 756 565 βελτίστη
806 498 980 565 ἔσται,
1036 493 1138 550 οὐκ
1186 497 1426 566 ἐπιμελεῖ
1474 493 1606 550 οὐδὲ
1652 502 1877 568 φροντί-

194 583 321 645 ζεις;
366 581 459 635 καὶ
507 581 604 637 ἐάν
654 603 736 647 τις
779 580 940 652 ὑμῶν
985 580 1305 655 ἀμφισβητῇ
1355 581 1448 637 καὶ
1494 585 1574 655 φῇ
1613 585 1874 655 ἐπιμελεῖ-

193 674 353 736 σθαι,
418 666 521 724 οὐκ
574 667 749 734 εὐθὺς
803 667 1002 741 ἀφήσω
1058 668 1231 726 αὐτὸν
1291 668 1415 725 οὐδ’
1474 668 1688 743 ἄπειμι,
1748 669 1872 728 ἀλλ’

193 755 460 827 ἐρήσομαι
501 756 675 813 αὐτὸν
713 759 807 813 καὶ
846 759 1080 826 ἐξετάσω
1119 760 1212 814 καὶ
1252 760 1475 830 ἐλέγξω,
1514 760 1607 815 καὶ
1645 759 1742 815 ἐάν
1781 781 1879 831 μοι

192 843 265 915 μὴ
315 848 451 918 δοκῇ
497 849 799 917 κεκτῆσθαι
845 845 1074 919 ἀρετήν,
1133 847 1310 918 φάναι
1357 848 1443 918 δέ,
1491 845 1739 918 ὀνειδιῶ,
1790 845 1873 902 ὅτι

118 951 175 992 30
191 931 258 987 τὰ
312 938 572 990 πλείστου
625 933 753 1001 ἄξια
806 936 930 1007 περὶ
974 936 979 1008 Ι
1024 938 1313 1007 ἐλαχίστου
1365 940 1624 1006 ποιεῖται,
1685 933 1752 991 τὰ
1813 934 1878 990 δὲ

191 1020 508 1094 φαυλότερα
565 1023 691 1095 περὶ
750 1028 1020 1088 πλείονος.
1103 1027 1277 1079 ταῦτα
1336 1024 1429 1078 καὶ
1481 1024 1729 1099 νεωτέρῳ
1782 1023 1874 1078 καὶ

190 1109 567 1184 πρεσβυτέρῳ,
624 1108 731 1185 ὅτῳ
789 1108 860 1166 ἀν
912 1111 1255 1183 ἐντυγχάνω,
1308 1112 1547 1183 ποιήσω,
1599 1111 1692 1166 καὶ
1739 1111 1877 1185 ξένῳ

189 1197 282 1252 καὶ
323 1194 496 1272 ἀστῷ,
536 1200 749 1267 μᾶλλον
791 1199 852 1254 δὲ
890 1211 1005 1264 τοῖς
1044 1198 1256 1270 ἀστοῖς,
1304 1197 1417 1274 ὅσῳ
1456 1222 1564 1271 μου
1603 1198 1874 1270 ἐγγυτέρω

192 1284 311 1341 ἐστε
348 1286 511 1355 γένει.
586 1290 759 1341 ταῦτα
798 1285 903 1359 γὰρ
950 1287 1160 1343 κελεύει
1206 1286 1235 1342 ὁ
1285 1286 1445 1358 θεός,
1494 1280 1557 1342 εὖ
1598 1294 1736 1356 ἴστε,
1781 1285 1875 1341 καὶ

192 1373 298 1444 ἐγω
347 1381 533 1444 οἴομαι
581 1373 751 1430 οὐδέν
797 1394 880 1432 πω
929 1373 1063 1447 ὑμῖν
1114 1381 1298 1447 μεῖζον
1344 1373 1567 1446 ἀγαθὸν
1611 1375 1877 1445 γενέσθαι

192 1464 252 1518 ἐν
291 1466 355 1535 τῇ
403 1463 560 1518 πόλει
607 1460 642 1533 ἢ
689 1464 792 1533 τὴν
840 1462 977 1534 ἐμὴν
1022 1468 1097 1539 τῷ
1145 1466 1261 1539 θεῳ
1308 1458 1630 1535 ὑπηρεσίαν
1707 1459 1877 1519 οὐὸεν

190 1549 295 1623 γὰρ
336 1550 471 1607 ἄλλο
518 1550 773 1623 πράττων
822 1550 926 1620 ἐγω
974 1552 1328 1624 περιέρχομαι
1372 1548 1408 1622 ἢ
1455 1555 1670 1606 πείθων
1713 1548 1877 1622 ὑμῶν

188 1640 281 1695 καὶ
325 1640 627 1711 νεωτέρους
670 1640 762 1694 καὶ
809 1639 1214 1711 πρεσβυτέρους
1264 1638 1399 1709 μήτε
1446 1637 1715 1710 σωμάτων
1763 1641 1874 1695 ἐπι-

134 1734 477 1799 Βμελεῖσθαι
516 1726 649 1799 μήτε
688 1726 982 1799 χρημάτων
1022 1727 1292 1799 πρότερον
1332 1727 1471 1798 μηδὲ
1505 1727 1512 1800 Ι
1547 1725 1691 1783 οὕτω
1739 1725 1877 1798 σφό-

192 1820 297 1888 δρα
337 1814 412 1882 ὥς
449 1819 545 1887 τῆς
583 1819 779 1887 ψυχῆς,
820 1813 968 1880 ὅπως
1007 1813 1080 1881 ὥς
1118 1814 1313 1886 ἀρίστη
1348 1818 1514 1884 ἔσται,
1553 1816 1749 1885 λέγων,
1790 1813 1878 1869 ὅτι

191 1902 295 1960 οὐκ
356 1905 415 1960 ἐκ
474 1902 771 1976 χρημάτων
834 1901 1000 1975 ἀρετὴ
1057 1907 1328 1973 γίγνεται,
1391 1901 1512 1958 ἀλλ’
1571 1904 1626 1969 ἐξ
1679 1901 1877 1975 ἀρετῆς

190 1995 439 2065 χρήματα
477 1993 568 2047 καὶ
607 1990 673 2046 τὰ
714 1989 854 2046 ἄλλα
893 1989 1083 2062 ἀγαθὰ
1129 2001 1245 2056 τοῖς
1289 1989 1612 2063 ἀνθρώποις
1657 1989 1874 2047 ἅπαντα

189 2081 281 2136 καὶ
322 2084 438 2153 ἰδίᾳ
478 2080 571 2134 καὶ
618 2083 872 2153 δημοσίᾳ.
951 2082 1001 2134 εἰ
1037 2078 1139 2149 μὲν
1187 2071 1291 2134 οὖν
1337 2082 1510 2134 ταῦτα
1548 2079 1724 2150 λέγων
1757 2082 1874 2134 δια-

191 2173 409 2239 φθείρω
448 2166 579 2232 τοὺς
617 2168 809 2236 νέους,
856 2165 1008 2222 ταῦτ’
1052 2163 1124 2221 ἂν
1165 2173 1248 2236 εἴη
1288 2165 1553 2238 βλαβερά·
1593 2170 1644 2222 εί
1687 2167 1753 2222 δέ
1793 2171 1874 2232 τίς

190 2257 260 2326 με’
301 2271 475 2326 φησιν
530 2254 669 2310 ἄλλα
724 2256 904 2324 λέγειν
954 2251 989 2324 ἢ
1034 2257 1231 2323 ταῦτα,
1288 2253 1456 2310 οὐδὲν
1487 2248 1659 2325 λέγει.
1734 2252 1875 2327 πρὸς

188 2347 385 2414 ταῦτα,
434 2348 609 2414 φαίην
648 2342 738 2412 ἄν,
780 2336 822 2398 ὦ
859 2341 1173 2413 Ἀθηναῖοι,
1217 2339 1251 2412 ἢ
1291 2346 1558 2397 πείθεσθε
1592 2340 1797 2416 Ἀνύτῳ
1836 2337 1872 2412 ἢ

191 2430 291 2502 μή,
331 2431 423 2486 καὶ
462 2428 496 2500 ἢ
539 2429 728 2501 ἀφίετε
765 2426 800 2500 ἢ
842 2429 915 2500 μὴ
955 2428 1162 2500 ἀφίετε,
1204 2427 1279 2494 ὥς
1318 2431 1453 2500 ἐμοῦ
1486 2427 1587 2484 οὐκ
1616 2426 1688 2485 ἂν
1718 2427 1872 2499 ποιή-

140 2525 388 2584 Οσοντος
427 2518 584 2588 ἄλλα,
625 2515 749 2574 οὐδ’
795 2521 844 2572 εἰ
882 2517 1059 2587 μέλλω
1096 2517 1102 2590 Ι
1137 2516 1399 2582 πολλάκις
1434 2515 1717 2572 τεθνάναι.

336 2607 538 2662 XVIII.
615 2603 714 2675 Μὴ
760 2609 1079 2676 θορυβεῖτε,
1135 2603 1337 2676 ἀνδρες
1377 2602 1691 2675 Ἀθηναῖοι,
1744 2601 1868 2659 ἀλλ’

190 2694 479 2765 ἐμμείνατέ
530 2714 624 2763 μοι
680 2687 762 2757 οἷς
810 2691 1052 2762 ἐδεηθην
1094 2689 1278 2762 ὑμων,
1333 2689 1407 2762 μὴ
1461 2696 1732 2764 θορυβεῖν
1779 2688 1867 2761 ἐφ’

190 2777 273 2846 οἷς
319 2777 390 2835 ὂὶν
437 2781 605 2851 λέγω,
652 2778 774 2835 ἀλλ’
818 2778 1067 2835 ἀκούειν·
1114 2779 1207 2834 καὶ
1251 2778 1385 2849 γάρ,
1434 2802 1509 2845 ως
1554 2778 1659 2850 ἐγω
1699 2775 1871 2849 οἶμαι,

190 2867 467 2939 ὀνήσεσθε
507 2866 819 2932 ἀκούοντες.
897 2868 1075 2938 μέλλω
1114 2865 1223 2939 γὰρ
1260 2859 1365 2921 οὖν
1397 2864 1539 2922 ἄττα»
1561 2866 1695 2938 ὑμῖν
1726 2867 1871 2935 ἐρεῖν
