2020 3198
221 200 292 253 36
889 197 1226 241 ΠΛΑΤῼΝΟΣ

222 321 480 389 φαίνεται
518 314 671 373 τοῦτ’
723 313 791 372 οῦ
837 315 1018 386 λέγειν
1062 313 1163 370 τὸν
1213 311 1511 386 Σωκράτη,
1565 314 1899 384 προσκεχρῆ-

167 413 359 461 Βσθαι
392 405 454 461 δὲ
483 409 558 482 τῷ
594 407 704 481 ἐμῷ
739 403 995 475 ὀνόματι,
1030 402 1122 474 ἐμὲ
1152 401 1498 473 παράδειγμα
1519 401 1525 474 Ι
1548 399 1898 472 ποιούμενος,

220 492 402 566 ῶσπερ
458 490 531 549 ἄν
585 497 636 550 εἰ
688 499 855 563 εἴποι,
912 491 996 548 ὅτι
1044 485 1205 556 οὗτος
1255 488 1434 561 ὑμῶν,
1489 483 1533 546 ῶ
1580 486 1899 561 ἅνθρωποι,

225 581 546 653 σοφώτατός
585 583 751 652 ἐστιν,
794 579 943 645 ὅστις
967 578 1150 650 ῶσπερ
1182 578 1486 651 Σωκράτης
1526 581 1783 648 ἔγνωκεν,
1816 573 1900 631 ὅτι

222 667 456 734 οὐδενὸς
502 667 656 735 ἄξιός
704 671 818 724 ἐστι
861 671 927 741 τῇ
976 665 1215 741 ἀληθείᾳ
1259 664 1397 739 πρὸς
1446 669 1668 736 σοφίαν.
1742 661 1896 720 ταῦτ’

223 750 326 812 οῦν
375 755 480 828 ἐγώ
528 756 629 828 μὲν
676 760 756 812 ἔτι
799 755 892 812 καὶ
941 759 1050 812 νῦν
1097 752 1325 828 περιιών
1373 757 1509 825 ζητῶ
1555 753 1648 808 καὶ
1694 754 1900 826 έρευνῶ

219 843 358 900 κατὰ
397 844 497 900 τὸν
536 844 705 915 θεόν,
760 844 854 900 καὶ
906 847 1018 900 τῶν
1074 841 1259 898 ἀστῶν
1304 841 1396 896 καὶ
1443 842 1614 908 ξένων
1661 838 1733 896 ἄν
1777 861 1902 897 τινα

222 939 426 1005 οἴωμαι
482 932 663 1004 σοφὸν
717 929 881 988 εἶναι·
935 932 1028 987 καὶ
1083 929 1308 987 ἐπειδάν
1355 951 1449 1000 μοι
1495 928 1567 1000 μὴ
1617 932 1779 1002 δοκῇ,
1825 932 1901 1000 τῷ

220 1024 337 1096 θεῶ
392 1023 625 1091 βοηθῶν
674 1023 1051 1091 ἐνδείκνυμαι,
1101 1016 1185 1074 ὅτι
1231 1015 1332 1073 οὐκ
1387 1020 1499 1072 ἔστι
1547 1017 1736 1089 σοφός.
1811 1017 1903 1076 καὶ

222 1107 331 1165 ὑπὸ
386 1108 588 1180 ταύτης
639 1110 736 1179 τῆς
789 1105 1051 1179 ἀσχολίας
1105 1105 1234 1162 οὔτε
1285 1126 1338 1161 τι
1389 1108 1503 1161 τῶν
1554 1108 1650 1176 τῆς
1694 1103 1904 1170 πόλεως

221 1198 428 1271 πρᾶξαί
446 1219 539 1268 μοι
565 1194 733 1268 σχολὴ
757 1196 988 1266 γέγονεν
1012 1194 1170 1261 ἄξιον
1186 1193 1359 1264 λόγου
1384 1191 1511 1249 οὔτε
1526 1196 1639 1249 τῶν
1664 1196 1903 1265 οἰκείων,

175 1290 208 1336 C
227 1283 347 1341 ἀλλ’
394 1287 454 1340 ἐν
482 1285 489 1358 Ι
516 1287 679 1358 πενίᾳ
717 1287 887 1356 μυρίᾳ
927 1282 1037 1353 εἰμὶ
1071 1279 1162 1337 διά
1194 1279 1297 1352 τὴν
1327 1283 1426 1337 τοῦ
1458 1284 1600 1336 θεοῦ
1631 1285 1903 1353 λατρείαν.

369 1375 433 1428 Χ.
474 1371 628 1445 Πρὸς
669 1370 731 1427 δὲ
761 1370 981 1436 τούτοις
1012 1372 1071 1426 oc
1097 1370 1216 1425 νέοι
1248 1390 1342 1440 μοι
1375 1370 1903 1441 ἐπακολουθοῦντες,

223 1458 306 1528 οἷς
344 1460 580 1532 μάλιστα
619 1458 788 1531 σχολή
822 1459 988 1528 ἐστιν,
1030 1459 1088 1513 οἱ
1114 1460 1227 1513 τῶν
1258 1456 1706 1528 πλουσιωτάτων,
1745 1457 1906 1514 αὐτά·

223 1570 385 1621 ματοι
423 1553 716 1620 χαίρουσιν
749 1545 1049 1611 ἀκούοντες
1088 1545 1486 1616 ἐξεταζομένων
1529 1547 1643 1601 τῶν
1682 1543 1906 1618 ἀνθρώ-

221 1657 368 1708 πων,
398 1636 491 1691 καὶ
524 1633 686 1690 αὐτοὶ
710 1634 973 1700 πολλάκις
997 1633 1090 1705 ἐμὲ
1114 1636 1430 1705 μιμοῦνται,
1456 1629 1572 1688 εἶτα
1603 1634 1902 1706 ἐπιχειροῦ-

221 1741 313 1781 σιν
353 1723 558 1789 ἄλλους
591 1722 874 1790 ἐξετάζειν·
913 1721 1166 1792 κᾶπειτα,
1209 1719 1379 1793 οἶμαι,
1419 1719 1738 1793 εὑρίσκουσι
1774 1727 1904 1777 πολ-

225 1811 327 1883 λὴν
383 1808 673 1882 ἀφθονίαν
730 1811 1004 1882 οἰομένων
1059 1809 1159 1880 μὲν
1207 1809 1415 1865 εἰδέναι
1461 1829 1514 1863 τι
1567 1807 1904 1880 ἀνθρώπων,

224 1899 458 1956 εἰδότων
492 1899 554 1954 δὲ
586 1896 745 1969 ὀλίγα
776 1895 811 1969 ἢ
846 1896 1027 1954 οὐδέν.
1068 1899 1332 1953 ἐντεῦθεν
1364 1888 1470 1952 οῦν
1502 1897 1560 1952 οἰ
1586 1893 1680 1952 ὑπ’
1718 1894 1905 1952 αὐτῶν

225 1986 600 2058 ἐξεταζόμενοι
655 1985 777 2057 ἐμοὶ
831 1983 1167 2057 ὀργίζονται,
1218 1981 1339 2039 ἀλλ’
1399 1981 1502 2039 οῦκ
1555 1980 1767 2054 αὐτοῖς,
1813 1985 1906 2039 καὶ

223 2077 509 2147 λέγουσιν,
550 2071 624 2140 ῶς
663 2072 966 2145 Σωκράτης
1002 2077 1085 2138 τίς
1126 2074 1239 2128 ἐστι
1277 2069 1619 2144 μιαρώτατος
1661 2071 1754 2126 καὶ
1794 2073 1907 2126 δια·

172 2170 212 2214 D
230 2163 482 2237 φθείρει,
499 2162 632 2227 τοὺς
661 2163 845 2227 νέους·
883 2160 976 2216 καὶ
1010 2158 1233 2216 ἐπειδάν
1256 2180 1337 2223 τις
1361 2156 1567 2223 αὐτοὺς
1595 2158 1788 2231 ἐρωτᾷ,
1821 2156 1906 2214 ὅτι

225 2255 402 2307 ποιῶν
425 2250 519 2306 καὶ
546 2248 631 2305 ὅτι
665 2247 975 2318 διδάσκων,
1008 2251 1195 2318 ἔχουσι
1220 2245 1321 2316 μὲν
1354 2243 1522 2301 οὐδὲν
1554 2247 1746 2316 εἰπεῖν,
1779 2243 1901 2301 ἀλλ’

226 2339 559 2410 ἀγνοοῦσιν,
617 2339 713 2391 ἵνα
768 2335 830 2391 δὲ
882 2334 955 2405 μὴ
1020 2337 1262 2389 δοκῶσιν
1323 2331 1579 2405 ἀπορεῖν,
1639 2331 1708 2387 τὰ
1767 2331 1904 2388 κατὰ

226 2425 451 2482 πάντων
489 2428 601 2481 τῶν
634 2420 1102 2495 φιλοσοφούντων
1134 2419 1397 2492 πρόχειρα
1427 2422 1599 2474 ταῦτα
1629 2419 1905 2490 λέγουσιν,

230 2512 315 2569 ὅτι
351 2512 419 2567 τὰ
460 2513 704 2584 μετέωρα
727 2510 819 2565 καὶ
848 2507 914 2564 τὰ
946 2506 1055 2564 ὑπὸ
1087 2511 1188 2578 γῆς
1218 2508 1311 2562 καὶ
1341 2506 1515 2572 θεοὺς
1549 2505 1623 2578 μὴ
1663 2511 1905 2578 νομίζειν

226 2601 319 2657 καὶ
357 2598 459 2655 τὸν
498 2598 640 2670 ’ἥττω
689 2597 861 2668 λόγον
906 2600 1132 2669 κρείττω
1179 2605 1374 2651 ποιεῖν.
1449 2593 1515 2649 τὰ
1556 2592 1661 2667 γάρ
1701 2592 1906 2665 ἀληθῆ,

231 2695 435 2759 οἴομαι,
477 2685 579 2743 οὐκ
618 2682 691 2741 ἂν
725 2686 974 2741 ἐθέλοιεν
998 2684 1206 2754 λέγειν,
1248 2680 1332 2738 ὅτι
1362 2681 1663 2752 κατάδηλοι
1686 2685 1907 2753 γίγνον-

228 2799 318 2832 ται
370 2773 842 2848 προσποιούμενοι
898 2771 999 2843 μὲν
1061 2771 1293 2840 εἰδέναι,
1349 2769 1556 2835 εἰδότες
1609 2769 1672 2826 δὲ
1725 2766 1907 2826 οὐδέν.

179 2863 325 2923 Εᾶτε
380 2856 510 2934 οὖν,
567 2859 745 2933 οἶμαι,
787 2860 794 2934 Ι
836 2858 1118 2931 φιλότιμοι
1179 2856 1334 2923 ὄντες
1385 2857 1477 2911 καὶ
1527 2857 1766 2928 σφοδροὶ
1814 2856 1908 2912 καὶ
