2020 3198
771 169 1123 213 ΕΤΘΤΦΡΩΝ.
1721 167 1788 219 13

109 287 201 342 καὶ
228 287 235 360 Ι
263 286 380 358 ἐμέ,
426 288 522 342 ἵνα
566 287 880 359 σοφώτερος
924 287 1197 358 γένωμαι,
1253 289 1313 340 τί
1353 301 1443 341 σοι
1494 283 1834 357 τεκμήριόνε)

25 414 36 418 -
111 376 279 444 ἐστιν,
319 372 394 440 ῶς
422 374 622 440 πάντες
652 375 779 431 θεοὶ
810 374 1081 446 ἡγοῦνται
1113 376 1326 430 ἐκεῖνον
1359 372 1564 438 ἀδίκως
1592 371 1792 428 τεθνά-

109 485 222 534 ναι,
257 459 320 528 ὃς
357 459 430 519 ἂν
461 463 719 534 θητεύων
753 462 1109 537 ἀνδροφόνος
1145 462 1470 533 γενόμενος,
1505 460 1794 527 ξυνδεθεὶς

110 548 221 607 ὑπὸ
268 555 369 608 τοῦ
416 551 690 608 δεσπότου
742 556 843 608 τοῦ
894 551 1310 621 ἀποθανόντος,
1365 549 1560 622 φθάσῃ
1614 555 1794 604 τελευ-

111 638 280 709 τήσας
319 637 412 695 διὰ
450 638 517 694 τὰ
556 639 755 710 δεσμά,
795 640 926 712 πρὶν
964 638 1063 695 τὸν
1104 637 1455 709 ξυνδήσαντα
1492 635 1640 709 παρὰ
1680 638 1792 691 τῶν

113 729 389 798 ἐξηγητῶν
441 728 566 800 περὶ
620 726 795 784 αὐτοῦ
844 729 1158 798 πυθέσθαι,
1204 731 1263 782 τί
1303 725 1407 798 χρὴ
1454 736 1662 792 ποιεῖν,
1700 723 1793 778 καὶ

111 813 249 887 ὑπὲρ
299 818 400 870 τοῦ
445 815 705 871 τοιούτου
745 815 814 887 δὴ
863 815 1050 888 ὀρθῶς
1096 820 1205 888 ἔχει
1243 816 1513 882 ἐπεξιέναι
1550 812 1643 868 καὶ
1682 813 1793 867 ἐπι-

112 902 453 974 σκήπτεσθαι
477 903 662 974 φόνου
684 901 783 959 τὸν
806 903 935 960 υίόν
959 907 1034 980 τῷ
1059 908 1245 977 πατρί·
1281 909 1393 973 ἴθι,
1424 902 1549 974 περὶ
1578 899 1793 956 τούτων

112 994 281 1063 πειρῶ
328 995 386 1045 τί
426 1011 521 1061 μοι
568 990 740 1063 σαφὲς
785 992 1163 1061 ἐνδείξασθαι,
1211 988 1285 1056 ῶς
1330 988 1535 1054 παντὸς
1581 991 1792 1060 μᾶλλον

112 1077 312 1144 πάντες
334 1078 462 1134 θεοὶ
482 1078 488 1152 Ι
510 1077 782 1149 ἡγοῦνται
808 1077 995 1150 ὀρθῶς
1029 1083 1172 1150 ἔχειν
1203 1077 1411 1148 ταύτην
1443 1076 1544 1148 τὴν
1568 1077 1790 1150 πρᾶξιν·
1809 1086 1844 1129 Β

113 1164 220 1221 κᾶν
272 1187 366 1236 μοι
421 1167 626 1232 ἱκανῶς
679 1169 916 1239 ἐνδείξῃ,
973 1166 1321 1237 ἐγκωμιάζων
1373 1182 1434 1221 σε
1488 1165 1576 1221 ἐπὶ
1622 1169 1794 1238 σοφίᾳ

117 1252 383 1309 οὐδέποτε
421 1252 718 1325 παύσομαι.

262 1349 401 1395 ΕΤΘ.
452 1340 594 1397 Ἀλλ’
640 1349 772 1408 ἴσως
803 1341 905 1398 οὐκ
945 1341 1138 1414 ὀλίγον
1171 1347 1336 1415 ἔργον
1377 1344 1544 1412 ἐστίν,
1585 1334 1629 1397 ῶ
1670 1340 1793 1397 Σῶ-

114 1447 328 1501 κρατες·
367 1429 483 1485 ἐπεὶ
521 1429 671 1485 πάνυ
708 1452 771 1501 γε
810 1434 1002 1502 σαφῶς
1040 1435 1218 1502 ἔχοιμι
1264 1427 1336 1486 ὖὶν
1385 1431 1655 1496 ἐπιδεῖξαί
1690 1446 1793 1484 σοι.

263 1526 359 1570 ΣΩ.
434 1518 759 1574 Μανθάνω·
827 1517 912 1575 ὅτι
982 1535 1071 1575 σοι
1135 1522 1282 1575 δοκῶ
1343 1521 1456 1574 τῶν
1519 1521 1796 1573 δικαστῶν

119 1606 564 1678 δυσμαθέστερος
602 1604 768 1662 εἶναι·
816 1607 930 1663 ἐπεὶ
978 1609 1207 1672 ἐκείνοις
1251 1628 1314 1677 γε
1353 1607 1583 1672 ἐνδείξει
1622 1608 1795 1676 δῆλον

119 1692 228 1764 ὅτι,
269 1691 342 1759 ὥς
373 1692 538 1749 ἄδικά
570 1695 632 1749 τέ
659 1697 806 1750 ἐστιν
837 1695 929 1749 καὶ
961 1697 1019 1750 οἱ
1046 1694 1173 1750 θεοὶ
1205 1692 1439 1759 ἅπαντες
1468 1692 1535 1748 τὰ
1567 1697 1795 1750 τοιαῦτα

118 1786 392 1853 μισοῦσιν.

265 1878 405 1924 ΕΤΘ.
475 1870 642 1927 Πάνυ
707 1893 771 1942 γε
838 1875 1052 1942 σαφῶς,
1110 1864 1153 1926 ῶ
1214 1870 1534 1941 Σώκρατες,
1596 1868 1795 1938 ἐάνπερ

119 1958 371 2015 ἀκούωσί
402 1960 468 2029 γέ
503 1981 611 2029 μου
647 1960 918 2029 λέγοντος.

268 2048 359 2101 ΧΙ.
443 2055 539 2098 ΣΩ.
617 2045 758 2102 Ἀλλ’
826 2045 1184 2117 ἀκούσονται,
1248 2045 1447 2118 ἐάνπερ
1510 2039 1574 2101 εὖ
1630 2048 1798 2117 δοκῇς

124 2135 337 2208 Ιλέγειν.
398 2134 528 2190 τόδε
590 2136 656 2190 δέ
714 2151 816 2191 σου
881 2134 1150 2205 ἐνενόησα
1203 2133 1316 2205 ἅμα
1369 2137 1651 2205 λέγοντος,
1705 2133 1849 2187 καὶΟ

121 2221 260 2295 πρὸς
306 2222 544 2293 ἐμαυτὸν
592 2227 799 2279 σκοπῶ·
848 2226 898 2278 εί
943 2221 1027 2278 ὅτι
1074 2222 1307 2293 μάλιστά
1356 2245 1422 2293 με
1469 2219 1798 2293 Εὐθύφρων

124 2309 428 2379 διδάξειεν,
469 2308 541 2376 ὡς
580 2312 638 2366 οὗ
672 2311 800 2366 θεοὶ
840 2308 1075 2375 ἅπαντες
1112 2309 1212 2365 τὸν
1251 2314 1508 2366 τοιοῦτον
1546 2308 1799 2364 θάνατον

123 2398 392 2469 ἡγοῦνται
430 2397 628 2453 ἄδικον
660 2395 828 2468 εἶναι,
867 2402 925 2452 τί
957 2401 1168 2468 μᾶλλον
1201 2396 1305 2468 ἐγώ
1339 2396 1635 2468 μεμάθηκα
1666 2394 1795 2467 παρ’

126 2483 532 2556 Εὐθύφρονος,
563 2489 621 2538 τί
647 2482 767 2539 ποτ’
805 2484 954 2539 ἐστὶν
978 2482 1039 2538 τὸ
1074 2482 1234 2539 ὅσιόν
1256 2505 1314 2539 τε
1336 2484 1428 2538 καὶ
1450 2482 1512 2539 τὸ
1539 2481 1799 2549 άνόσιον;

123 2572 383 2643 θεομισὲς
421 2571 523 2643 μὲν
560 2571 667 2644 γὰρ
705 2574 868 2627 τοῦτο
900 2569 962 2627 τὸ
995 2575 1186 2643 ἔργον,
1227 2571 1300 2636 ῶς
1339 2574 1543 2640 ἔοικεν,
1584 2577 1667 2641 εἴη
1708 2569 1801 2625 ἄν·

127 2657 265 2710 ἀλλὰ
303 2659 408 2727 γὰρ
451 2658 518 2711 οὐ
555 2658 731 2729 τούτῳ
765 2657 940 2726 ἐφάνη
974 2658 1096 2726 ἄρτι
1127 2654 1403 2726 ὡρισμένα
1433 2657 1494 2708 τὸ
1527 2655 1683 2708 ὅσιον
1713 2652 1805 2707 καὶ

129 2747 225 2812 μή·
261 2746 343 2811 [τὸ
368 2746 472 2815 γὰρ
497 2742 756 2814 θεομισὲς
780 2744 846 2798 ὃν
869 2742 960 2797 καὶ
982 2740 1246 2813 θεοφιλὲς
1269 2743 1445 2812 ἐφάνη
1458 2745 1492 2809 ·]
1519 2743 1656 2794 ὥστε
1678 2742 1802 2793 τού-

127 2849 227 2883 του
260 2829 360 2901 μὲν
393 2831 598 2901 ἀφίημί
624 2845 702 2900 σε,
737 2827 779 2884 ὦ
804 2832 1136 2902 Εὐθύφρον,
1168 2828 1259 2884 καὶ
1291 2832 1341 2883 εἰ
1369 2831 1575 2898 βούλει,
1607 2828 1804 2890 πάντες
