2020 3198
200 200 273 253 52
874 192 1210 237 ΠΛΑΤΩΝΟΣ

203 316 306 372 οὐκ
337 312 409 372 ἄν
442 312 652 379 ἐκεῖνός
680 333 743 384 γε
773 309 947 367 αὐτοῦ
977 311 1344 379 καταδεηθείη
1378 339 1467 377 -,
1496 306 1591 362 καὶ
1619 304 1883 378 Πάραλος

203 403 299 460 ὅδε
353 400 383 459 ὃ
426 399 791 474 Δημοδόκου,
847 390 916 454 οὗ
969 391 1040 469 ἦν
1086 396 1300 467 Θεάγης
1352 393 1614 466 ἀδελφός·
1672 392 1768 450 ὅδε
1821 392 1882 449 δὲ

121 490 588 566 34ΙἈδείμαντος
627 486 657 544 ὁ
693 486 1045 560 Ἀρίστωνος,
1093 477 1162 541 οὗ
1209 482 1452 555 ἀδελφὸς
1496 480 1687 538 οὑτοσὶ
1733 479 1884 536 Πλά-

203 602 333 650 των,
372 579 466 634 καὶ
503 574 917 647 Αἰαντόδωρος,
959 565 1027 629 οὖ
1054 571 1469 643 Ἀπολλόδωρος
1499 568 1597 626 ὅδε
1627 567 1884 640 ἀδελφός.

202 669 297 723 καὶ
343 665 547 731 ἄλλους
591 661 831 728 πολλοὺς
885 659 991 732 ἐγω
1040 665 1144 733 ἔχω
1197 657 1333 731 ὑμῖν
1380 662 1580 729 εἰπεῖν,
1633 649 1715 713 οἷν
1759 677 1885 713 τινα

207 758 374 829 ἐχρῆν
413 753 649 826 μάλιστα
694 750 795 823 μὲν
842 752 902 807 ἐν
947 751 1023 825 τῷ
1071 749 1271 804 ἑαυτοῦ
1317 746 1466 821 λόγῳ
1503 745 1886 819 παρασχέσθαι

205 846 468 914 Μέλητον
516 840 788 914 μάρτυρα·
836 841 886 894 εἰ
923 837 986 893 δὲ
1029 835 1152 892 τότε
1192 834 1514 905 ἐπελάθετο,
1560 837 1670 890 νῦν
1715 852 1887 906 παρα-

206 932 454 1003 σχέσθω,
495 929 600 1000 ἐγώ
641 929 978 999 παραχωρῶ,
1025 924 1118 979 καὶ
1163 923 1388 993 λεγέτω,
1434 928 1490 978 εἴ
1527 943 1580 978 τι
1626 925 1736 993 ἔχει
1778 942 1886 978 τοι·

207 1022 392 1075 οὖτον.
467 1015 609 1072 ἀλλὰ
669 1014 873 1070 τούτου
932 1016 1045 1070 πᾶν
1104 1010 1436 1068 τούναντίον
1497 1007 1780 1082 εὑρήσετε,
1842 1003 1885 1066 ὦ

207 1106 433 1179 ἄνδρες,
487 1103 696 1168 πάντας
750 1102 872 1173 ἐμοὶ
925 1105 1159 1171 βοηθεῖν
1212 1099 1466 1170 ἑτοίμους
1511 1101 1585 1175 τῷ
1634 1102 1888 1170 διαφθεί-

208 1216 390 1267 ροντι,
437 1197 512 1269 τῷ
552 1190 692 1247 κακὰ
732 1190 1074 1264 ἐργαζομένῳ
1112 1186 1244 1253 τοὺς
1283 1191 1521 1252 οἰκείους
1558 1185 1768 1258 αὐτῶν,
1816 1185 1890 1253 ὥς

155 1294 349 1356 Βφασι
396 1283 653 1352 Μέλητος
701 1279 790 1335 καὶ
827 1276 1099 1352 ΓἈνυτος.
1176 1273 1337 1331 αὐτοὶ
1382 1274 1483 1345 μὲν
1528 1273 1636 1347 γὰρ
1682 1276 1742 1331 οἱ
1783 1278 1888 1331 διε-

210 1369 530 1444 φθαρμένοι
575 1365 695 1440 τάχ’
746 1362 817 1422 ἂν
865 1365 1036 1436 λόγον
1083 1368 1262 1436 ἔχοιεν
1307 1366 1674 1435 βοηθοῦντες·
1728 1365 1787 1418 οἰ
1829 1363 1891 1420 δὲ

210 1458 615 1529 ἀδιάφθαρτοι,
676 1453 1040 1528 πρεσβύτεροι
1101 1450 1209 1523 ἤδη
1271 1450 1495 1524 ἄνδρες,
1562 1453 1621 1508 οἰ
1675 1451 1890 1508 τούτων

210 1546 606 1621 προσήκοντες,
665 1548 791 1599 τίνα
853 1540 1024 1596 ἄλλον
1085 1544 1271 1611 ἔχουσι
1324 1538 1496 1610 λόγον
1548 1543 1892 1610 βοηθοῦντες

213 1636 334 1708 ἐμοὶ
373 1631 495 1689 ἀλλ’
538 1628 573 1703 ἢ
612 1630 712 1687 τὸν
753 1628 935 1702 ὀρθόν
979 1649 1037 1684 τε
1082 1628 1175 1683 καὶ
1222 1631 1465 1698 δίκαιον,
1514 1626 1599 1683 ὅτι
1639 1630 1891 1695 ξυνίσασι

212 1723 451 1797 Μελήτῳ
491 1720 593 1792 μὲν
632 1718 977 1792 ψευδομένῳ,
1019 1715 1139 1786 ἐμοὶ
1178 1714 1241 1771 δὲ
1279 1714 1639 1786 ἀληθεύοντι;

360 1809 560 1866 XXIII.
637 1803 772 1862 Εἶεν
819 1804 915 1875 δή,
963 1796 1007 1859 ὦ
1054 1802 1275 1873 ἄνδρες·
1329 1800 1365 1858 ἃ
1411 1802 1513 1873 μὲν
1560 1802 1666 1874 ἐγὼ
1713 1803 1886 1876 ἔχοιμ’

213 1896 285 1956 ἂν
332 1897 757 1968 ἀπολογεῖσθαι,
814 1891 1014 1965 σχεδόν
1062 1894 1176 1948 ἐστι
1219 1893 1393 1946 ταῦτα
1435 1891 1528 1947 καὶ
1573 1890 1715 1947 ἄλλα
1760 1898 1892 1959 ἴσως

163 1989 456 2044 Οτοιαῦτα.
530 1982 669 2054 τάχα
715 1979 766 2037 δ’
817 1979 889 2037 ἄν
932 2000 1016 2046 τις
1051 1977 1212 2051 ὑμῶν
1258 1977 1688 2051 ἀγανακτήσειεν
1722 1979 1730 2054 Ι
1764 1977 1892 2035 ἀνα-

214 2073 483 2146 μνησθεὶς
529 2072 755 2139 ἑαυτοῦ,
809 2072 873 2124 εἰ
911 2065 939 2123 ὁ
989 2068 1089 2139 μὲν
1134 2067 1227 2122 καὶ
1274 2067 1476 2124 ἐλάττω
1523 2071 1751 2125 τουτουῒ
1790 2072 1892 2125 τοῦ

215 2159 435 2232 ἀγῶνος
474 2158 665 2229 ἀγῶνα
711 2154 1118 2227 ἀγωνιζόμενος
1163 2154 1369 2227 ἐδεήθη
1413 2177 1471 2211 τε
1515 2156 1607 2211 καὶ
1654 2157 1891 2212 ἱκέτευσε

213 2247 344 2313 τοὺς
376 2246 637 2311 δικαστὰς
667 2244 800 2316 μετὰ
833 2247 1055 2300 πολλῶν
1087 2243 1365 2316 δακρύων,
1404 2247 1599 2300 παιδία
1627 2266 1686 2300 τε
1717 2243 1892 2300 αὑτοῦ

214 2333 715 2405 ἀναβιβασάμενος,
754 2334 848 2387 ἵνα
880 2330 964 2387 ὅτι
995 2330 1229 2402 μάλιστα
1260 2332 1530 2401 έλεηθείη,
1567 2330 1659 2385 καὶ
1691 2329 1892 2397 ἄλλους

213 2426 326 2479 τῶν
367 2425 587 2477 οἰκείων
625 2420 718 2474 καὶ
764 2424 945 2490 φίλων
991 2417 1257 2487 πολλούς,
1305 2417 1410 2488 ἐγώ
1460 2417 1522 2473 δὲ
1568 2415 1737 2473 οὐδὲν
1783 2417 1892 2491 ἄρα

213 2510 426 2566 τούτων
457 2507 689 2578 ποιήσω,
719 2506 812 2561 καὶ
842 2509 1014 2561 ταῦτα
1044 2504 1409 2575 κινδυνεύων,
1445 2502 1519 2570 ὡς
1549 2500 1621 2560 ἄν
1653 2505 1891 2577 δόξαιμι,

214 2597 314 2653 τὸν
354 2601 584 2667 ἔσχατον
622 2597 908 2650 κίνδυνον.
983 2592 1101 2664 τάχ’
1146 2586 1249 2647 οὖν
1293 2614 1375 2658 τις
1410 2595 1582 2648 ταῦτα
1621 2593 1890 2665 ἐννοήσας

216 2682 632 2755 αὐθαδέστερον
671 2677 742 2736 ἂν
780 2679 917 2754 πρός
955 2701 1020 2751 με
1052 2684 1228 2751 σχοίη,
1265 2679 1357 2734 καὶ
1390 2677 1674 2751 ὀργισθεὶς
1704 2679 1892 2746 αὐτοῖς

214 2771 432 2837 τούτοις
476 2778 633 2826 θεῖτο
682 2765 753 2825 ἂν
799 2767 914 2840 μετ’
960 2766 1127 2839 ὀργῆς
1175 2765 1276 2838 τὴν
1325 2770 1533 2838 ψῆφον.
1608 2770 1659 2823 εἰ
1703 2766 1772 2838 δή
1811 2788 1891 2833 τις

156 2857 373 2930 Βὺμῶν
413 2856 589 2922 οὕτως
627 2860 753 2929 ἔχει,
786 2889 855 2898 -
890 2858 900 2927 Ι
935 2854 1037 2911 οὐκ
1076 2853 1209 2921 ἀξιῶ
1248 2853 1349 2926 μὲν
1387 2854 1493 2926 γὰρ
1534 2859 1703 2924 ἔγωγε
1734 2887 1803 2896 -
1842 2857 1893 2911 εἰ
1986 2883 1987 2886 ¹
