2020 3198
850 135 1092 179 ΦΑΙΔΩΝ.
1392 158 1403 166 ·
1739 133 1810 186 93

133 251 195 308 δὲ
220 251 313 323 μή,
334 254 340 326 Ι
363 254 539 309 ἐνίοτε
563 251 972 323 ἀναγκάζεσθαι
994 252 1086 307 καὶ
1113 252 1197 317 δὶς
1219 251 1312 307 καὶ
1334 251 1453 324 τρὶς
1474 256 1657 307 πίνειν
1680 249 1811 316 τούς
1828 262 1865 307 E

38 386 49 389 -
130 361 182 395 τι
194 343 452 396 τοιοῦτον
467 340 801 405 ποιοῦνταςῖ
812 339 905 395 καὶ
920 336 949 395 ὁ
964 339 1288 412 Σωκράτης·
1307 341 1425 410 (ἔαξ
1443 343 1568 411 ἔφη,
1583 341 1814 412 εχαίρειν

131 426 329 484 αὐτόν·
368 427 508 484 ἀλλὰ
549 427 726 499 μόνον
771 425 833 483 τὸ
875 427 1076 483 ἑαυτοῦ
1114 428 1564 501 παρασκευαζέτω
1612 426 1685 493 ὡς
1723 426 1815 482 καὶ

132 517 219 582 δὶς
259 516 484 588 δώσων,
526 515 625 573 ἐὰν
665 516 728 572 δὲ
767 516 889 589 δέῃ,
935 517 1029 572 καὶ
1066 518 1224 589 τρίς.’
1266 515 1432 572 “ἀλλὰ
1474 515 1674 587 σχεδὸν
1713 517 1814 586 μέν

130 625 184 659 τι
220 603 376 677 ᾔδη,’
425 610 531 676 ἔφη
580 603 609 661 ὃ
658 608 906 677 Κρίτων·
955 603 1121 660 εἀλλά
1170 627 1265 676 μοι
1310 604 1479 660 πάλαι
1524 603 1815 676 πράγματα

131 694 389 765 παρέχειῖ
433 695 514 749 (ἔα
546 691 767 764 αὐτόν,’
801 697 920 764 ἔφη.
962 691 1103 748 ‘om'
1132 690 1267 764 ὑμῖν
1300 690 1370 763 δὴ
1395 702 1510 757 τοῖς
1534 695 1817 757 δικασταῖς

131 780 406 851 βούλομαι
443 779 552 852 ’ἤδη
591 780 691 837 τὸν
731 780 902 852 λόγον
940 778 1274 851 ἀποδοῦναι,
1314 778 1388 846 ὥς
1426 802 1522 852 μοι
1559 784 1816 851 φαίνεται
1865 813 1867 815 ·

132 868 358 934 εἰκότως
411 867 555 942 ἀνὴρ
611 872 687 944 τῷ
737 867 859 924 ὄντι
905 871 965 925 ἐν
1019 873 1326 942 φιλοσοφίᾳ
1371 871 1663 940 διατρίψας
1714 865 1815 923 τὸν

135 962 262 1027 βίον
293 965 530 1029 θαρρεῖν
563 958 778 1028 μέλλων
812 964 820 1025 Ι
856 955 1271 1013 ἀποθανεῖσθαι
1301 957 1394 1011 καὶ
1426 954 1641 1022 εὔελπις
1671 953 1815 1012 εἶναι
1834 971 1886 1011 64

137 1047 251 1102 ἐκεῖ
288 1046 516 1116 μέγιστα
547 1051 802 1101 οἴσεσθαι
834 1043 1048 1116 ἀγαθά,
1089 1044 1314 1101 ἐπειδὰν
1343 1043 1661 1117 τελευτήσῃ·
1701 1045 1816 1109 πῶς

134 1130 206 1189 ἂν
248 1127 351 1190 οὖν
391 1131 460 1204 δὴ
492 1133 655 1190 τοῦθ’
701 1132 876 1199 οὕτως
907 1138 1040 1205 ἔχοι,
1080 1125 1125 1190 ὦ
1157 1137 1372 1205 Σιμμία
1402 1152 1461 1188 τε
1489 1132 1583 1188 καὶ
1613 1132 1814 1202 Κέβης,

134 1221 239 1293 ἐγὼ
279 1221 609 1293 πειράσομαι
647 1221 874 1293 φράσαι.

279 1311 371 1365 ΙΧ.
448 1309 869 1365 Κινδυνεύουσι
906 1308 1014 1381 γὰρ
1057 1307 1179 1365 ὅσοι
1217 1310 1590 1381 τυγχάνουσιν
1629 1305 1816 1380 ὀρθῶς

136 1396 436 1469 ἁπτόμενοι
500 1403 836 1469 φιλοσοφίας
891 1398 1189 1467 λεληθέναι
1250 1396 1379 1463 τοὺς
1441 1395 1669 1467 ἄλλους,
1732 1394 1818 1451 ὅτι

136 1484 306 1542 οὐδὲν
361 1484 497 1540 ἄλλο
552 1483 712 1540 αὐτοὶ
768 1483 1189 1556 ἐπιτηδεύουσιν
1235 1481 1270 1556 ἢ
1323 1483 1706 1556 ἀποθνῄσκειν
1758 1504 1817 1539 τε

135 1574 228 1630 καὶ
265 1572 550 1630 τεθνάναι.
626 1575 677 1628 εἰ
722 1565 827 1628 οὖν
875 1576 1040 1628 τοῦτο
1091 1571 1322 1644 ἀληθές,
1372 1570 1584 1627 ἄτοπον
1634 1570 1817 1642 δήπου

135 1659 208 1718 ὅὶν
247 1669 331 1733 εἴη
370 1668 787 1733 προθυμεῖσθαι
826 1661 928 1732 μὲν
960 1663 1020 1718 ἐν
1051 1662 1214 1717 παντὶ
1244 1665 1320 1736 τῷ
1352 1666 1455 1737 βίῳ
1481 1660 1655 1732 μηδὲν
1680 1659 1814 1715 ἄλλο

136 1747 170 1821 ἢ
209 1754 400 1821 τοῦτο,
445 1749 678 1821 ἥκοντος
725 1749 786 1805 δὲ
833 1749 902 1821 δὴ
951 1748 1125 1806 αὐτοῦ
1173 1748 1529 1821 ἀγανακτεῖν,
1570 1747 1601 1804 ὃ
1647 1747 1817 1804 πάλαι

135 1836 560 1911 προεθυμοῦντό
621 1857 680 1892 τε
739 1836 831 1892 καὶ
892 1837 1265 1908 ἐπετήδευον.’
1326 1837 1419 1892 καὶ
1479 1835 1510 1892 ὁ
1572 1841 1816 1908 Σιμμίας

135 1927 392 1997 γελάσας·
430 1924 528 1995 ’νὴ
568 1923 668 1980 τὸν
698 1926 849 1995 Δία,’
890 1928 1014 1996 ἔφη,
1056 1917 1126 1980 (ὦ
1161 1927 1168 1996 Ι
1202 1923 1519 1997 Σώκρατες,
1558 1923 1627 1981 οὖ
1665 1924 1865 1981 πάνυΒ

136 2014 202 2084 γέ
237 2034 302 2084 με
347 2015 455 2067 νῦν
501 2016 856 2082 γελασείοντα
902 2014 1161 2082 ἐποίησας
1204 2012 1447 2083 γελάσαι.
1511 2010 1662 2083 οἶμαι
1706 2012 1813 2085 γὰρ

137 2099 209 2157 ἂν
258 2099 326 2171 δὴ
377 2098 508 2164 τοὺς
557 2098 795 2165 πολλοὺς
846 2098 979 2156 αὐτὸ
1025 2103 1189 2156 τοῦτο
1237 2099 1583 2166 ἀκούσαντας
1628 2105 1814 2157 δοκεῖν

137 2182 201 2244 εὖ
223 2187 374 2244 πάνυ
398 2190 658 2258 εἰρῆσθαι
684 2192 760 2253 εἰς
789 2186 920 2254 τοὺς
945 2192 1393 2259 φιλοσοφοῦντας
1415 2190 1508 2244 καὶ
1533 2188 1814 2263 ξυμφάναι

136 2273 208 2332 ἂν
246 2274 376 2341 τοὺς
414 2275 515 2346 μὲν
553 2273 682 2348 παρ’
725 2273 859 2346 ἡμῖν
898 2273 1234 2347 ἀνθρώπους
1271 2277 1364 2332 καὶ
1402 2276 1574 2348 πάνυ,
1615 2275 1701 2333 ὅτι
1738 2280 1813 2353 τῷ

137 2364 258 2419 ὄντι
320 2365 378 2420 οἱ
427 2366 869 2435 φιλοσοφοῦντες
928 2367 1218 2420 θανατῶσι
1277 2364 1370 2420 καὶ
1432 2368 1577 2437 σφᾶς
1628 2387 1690 2436 γε
1743 2364 1814 2421 οὐ

137 2452 458 2522 λελήθασιν,
499 2449 584 2507 ὅτι
615 2449 766 2517 ἄξιοί
793 2455 933 2507 εἰσιν
964 2455 1130 2508 τοῦτο
1163 2452 1428 2525 πάσχειν.’
1477 2454 1587 2508 (καὶ
1627 2452 1813 2524 ἀληθῆ

135 2539 187 2610 γ’
218 2537 288 2595 ἄν
313 2540 543 2611 λέγοιεν,
567 2532 614 2595 ὦ
637 2544 869 2611 Σιμμία,
894 2539 1039 2611 πλήν
1055 2562 1117 2611 γε
1132 2545 1232 2596 τοῦ
1251 2544 1393 2613 σφᾶς
1411 2540 1484 2612 μὴ
1501 2543 1814 2612 λεληθέναι.

138 2627 371 2698 λέληθεν
409 2626 516 2698 γὰρ
556 2625 777 2698 αὐτούς,
815 2621 854 2700 ᾖ
890 2649 948 2684 τε
977 2632 1266 2684 θανατῶσι
1297 2622 1449 2702 καὶῇ
1486 2628 1637 2696 ἄξιοί
1671 2634 1813 2685 εἰσιν

135 2713 390 2770 θανάτου
421 2713 531 2780 [καὶ
563 2717 685 2769 οἴου
714 2719 987 2784 θανάτου]
1029 2718 1087 2773 οἰ
1114 2714 1188 2782 ὥς
1233 2715 1461 2788 ἀληθῶς
1499 2718 1812 2788 φιλόσοφοι.

135 2809 375 2874 εἴπωμεν
397 2800 542 2874 γάρ,’
565 2801 571 2874 Ι
591 2806 715 2873 ἔφη,
741 2801 904 2868 “πρὸς
927 2801 1069 2873 ἡμᾶς
1093 2802 1313 2875 αὐτούς,
1331 2809 1542 2876 χαίρειν
1567 2803 1813 2869 εἰπόντες
1830 2810 1862 2855 C
