2020 3198
602 171 923 215 AHOAOPIA
952 171 1333 218 ΣΩΚΡΑΤΟΥΣ.
1750 170 1817 225 37

138 289 359 357 πολλοί,
397 287 491 343 καὶ
531 287 969 359 ξυντεταγμένως
996 289 1090 343 καὶ
1121 292 1374 354 πιθανῶς
1405 290 1658 360 λέγοντες
1694 289 1820 362 περὶ

40 368 46 372 ”
140 374 725 446 ἑμοῦ,ἐ’μπεπλήκασιν
741 373 900 445 ὑμῶν
915 373 981 431 τὰ
1008 369 1120 432 ῶτα
1135 377 1225 431 καὶ
1251 375 1419 431 πάλαι
1442 377 1534 432 καὶ
1559 379 1820 450 σφοδρῶς

38 451 53 473 Κ
140 462 548 533 διαβάλλοντες.
600 465 658 518 ἐκ
687 462 901 519 τούτων
932 464 1024 519 καὶ
1055 463 1313 534 Μέλητός
1344 487 1439 535 μοι
1472 465 1698 521 ἐπέθετο
1728 465 1821 520 καὶ

34 546 49 621 J
132 549 360 616 Ἄνυτος
395 549 488 605 καὶ
527 549 758 622 Λύκων,
807 552 1062 622 Μέλητος
1108 551 1208 623 μὲν
1246 549 1386 624 ὑπὲρ
1425 556 1539 608 τῶν
1577 555 1822 624 ποιητῶν

13 641 49 677 '2
139 637 472 710 ἀχθόμενος,
497 636 732 704 ’Ἄνυτος
771 637 832 694 δὲ
864 637 1003 711 ὑπὲρ
1035 641 1146 695 τῶν
1187 640 1543 711 δημιουργῶν
1580 640 1672 695 καὶ
1709 644 1822 696 τῶν

139 728 457 796 πολιτικῶν,
498 725 704 782 Λύκων
729 726 736 800 Ι
764 725 824 782 δὲ
856 724 996 799 ὑπὲρ
1026 729 1138 783 τῶν
1172 726 1448 800 ῥητόρων·
1483 726 1647 798 ὥστε,
1688 726 1820 800 ὅπερ
1836 740 1893 780 24

42 843 47 847 ·
139 812 446 886 ἀρχόμενος
484 812 589 884 ἐγώ
631 817 844 885 ἔλεγον,
875 812 1214 886 θαυμάζοιμ’
1257 812 1347 885 ἄν,
1387 818 1438 871 εἰ
1467 811 1584 881 οἶός
1613 814 1665 870 τ’
1702 822 1822 887 εἴην

46 925 50 978 ᾗ
140 900 246 973 ε’γῶ
270 900 430 973 ὑμῶν
446 901 654 974 ταύτην
670 901 773 974 τὴν
792 901 1061 974 διαβολὴν
1081 903 1362 969 ἐξελέσθαι
1381 905 1442 960 ἐν
1460 902 1636 970 οὕτως
1653 901 1822 980 ὀλίγῳ

43 995 49 1057 J
139 990 324 1066 χρόνῳ
351 987 496 1046 οὕτω
520 990 732 1061 πολλὴν
763 1002 1076 1061 γεγονυῖαν.
1121 989 1276 1047 ταῦτ’
1307 995 1457 1047 ἔστιν
1481 990 1634 1063 ὑμῖν,
1660 984 1703 1048 ῶ
1727 990 1824 1048 ἄν·

50 1104 53 1105 ’
141 1082 268 1152 δρες
285 1076 616 1150 Ἀθηναῖοι,
641 1076 880 1150 τάληθῆ,
901 1079 993 1134 καὶ
1016 1077 1161 1150 ὑμᾶς
1179 1078 1307 1135 οὔτε
1324 1080 1461 1150 μέγα
1480 1078 1608 1135 οὔτε
1624 1079 1824 1153 μικρὸν

34 1175 39 1227 Ῐ
141 1165 603 1240 ἀποκρυψάμενος
646 1165 750 1237 ἐγώ
783 1167 923 1237 λέγω
956 1165 1078 1222 οὐδ’
1120 1164 1601 1238 ὑποστειλάμενος.
1645 1172 1826 1224 καίτοι

143 1251 269 1310 οἶδα
293 1254 518 1326 σχεδόν,
554 1252 639 1309 ὅτι
662 1264 779 1319 τοῖς
803 1252 990 1319 αὐτοῖς
1020 1252 1431 1326 ἀπεχθάνομαι·
1458 1252 1489 1311 ὃ
1514 1255 1605 1310 καὶ
1631 1255 1824 1327 τεκμή-

142 1364 292 1414 ριον,
325 1340 410 1397 ὅτι
442 1340 627 1412 ἀληθῆ
661 1342 800 1413 λέγω
824 1342 916 1396 καὶ
957 1340 1041 1397 ὅτι
1081 1341 1218 1414 αὕτη
1260 1342 1410 1399 ἐστὶν
1448 1340 1483 1414 ἡ
1525 1342 1757 1414 διαβολὴ
1789 1342 1823 1414 ἡ

143 1428 241 1500 ἐμὴ
280 1429 374 1484 καὶ
411 1427 477 1484 τὰ
518 1434 666 1484 αἴτια
715 1429 888 1484 ταῦτά
937 1432 1100 1485 ἐστιν.
1175 1429 1267 1485 καὶ
1315 1429 1471 1486 ἐάντε
1515 1434 1622 1486 νῦν
1669 1431 1827 1487 ε’άντε

145 1511 338 1591 Ιαῦθις
378 1516 638 1588 ζητήσητε
674 1520 864 1587 ταῦτα,
905 1515 1083 1583 οὕτως
1122 1516 1394 1591 εὑρήσετε.
1838 1524 1875 1569 Β

287 1607 380 1661 XI.
455 1605 598 1677 Περὶ
636 1604 738 1676 μὲν
778 1598 882 1661 οὖν
923 1598 1003 1661 ῶν
1043 1608 1101 1662 oc
1131 1610 1347 1679 πρῶτοί
1376 1628 1485 1677 μου
1522 1605 1824 1679 κατήγοροι

142 1693 489 1766 κατηγόρουν
545 1690 683 1763 αὕτη
736 1693 885 1749 ἐστὶν
938 1692 1098 1765 ἱκανὴ
1151 1693 1424 1765 ἀπολογία
1474 1693 1612 1768 πρὸς
1662 1693 1823 1766 ὑμᾶς.

143 1780 279 1854 πρὸς
318 1780 380 1837 δὲ
418 1781 680 1851 Μέλητον
726 1779 828 1836 τὸν
875 1779 1097 1852 ἀγαθόν
1143 1803 1201 1838 τε
1246 1782 1339 1838 καὶ
1386 1782 1710 1853 φιλόπολιν,
1751 1782 1829 1848 ῶς

144 1884 305 1941 φησι,
351 1868 443 1924 καὶ
481 1867 613 1933 τοὺς
650 1865 915 1940 ὑστέρους
954 1868 1086 1939 μετὰ
1111 1872 1282 1925 ταῦτα
1320 1869 1652 1941 πειράσομαι
1689 1869 1824 1926 ἀπο·

30 2000 39 2007 „
114 1963 447 2035 ,λογεῖσθαα
486 1949 654 2021 αὖθις
684 1955 791 2028 γὰρ
832 1955 926 2026 δή,
960 1954 1141 2028 ῶσπερ
1177 1956 1378 2029 ἑτέρων
1402 1956 1617 2013 τούτων
1643 1956 1824 2014 ὄντων

143 2043 491 2116 κατηγόρων,
531 2042 786 2114 λάβωμεν
828 2036 898 2098 αὖ
929 2042 1032 2114 τὴν
1064 2043 1280 2099 τούτων
1306 2043 1676 2115 ἀντωμοσίαν.
1716 2049 1825 2117 ἔχει

146 2132 211 2188 δέ
245 2150 359 2197 πως
405 2122 535 2186 ὦδε·
583 2129 856 2203 Σωκράτη
904 2131 1077 2202 φησὶν
1125 2129 1341 2187 ἀδικεῖν
1386 2131 1518 2198 τούς
1561 2153 1619 2188 τε
1664 2134 1826 2200 νέους

146 2221 549 2290 διαφθείροντα
586 2218 679 2272 καὶ
716 2216 888 2284 θεοὺς
929 2215 1027 2283 οὓς
1064 2215 1098 2289 ἡ
1132 2217 1291 2284 πόλις
1328 2224 1538 2291 νομίζει
1571 2218 1638 2277 οὐ
1669 2226 1825 2292 νομί-

146 2312 331 2377 ζοντα,
371 2306 525 2378 ἕτερα
565 2305 627 2362 δὲ
668 2305 674 2380 Ι
718 2305 981 2377 δαιμόνια
1011 2305 1192 2362 καινά.
1229 2305 1292 2362 τὸ
1334 2306 1434 2378 μὲν
1475 2306 1544 2379 δὴ
1585 2311 1877 2380 ἔγκλημαΟ

38 2447 50 2450 .
146 2393 402 2451 τοιοῦτόν
442 2395 611 2450 ἐστιν·
650 2393 853 2450 τούτου
893 2393 954 2450 δὲ
992 2397 1094 2450 τοῦ
1128 2394 1463 2466 ἐγκλήματος
1493 2398 1554 2451 ἓν
1595 2398 1824 2452 ἕκαστον

147 2480 498 2551 ἐξετάσωμεν.
589 2481 726 2552 φησὶ
789 2480 896 2555 γὰρ
953 2480 1022 2552 δὴ
1085 2480 1216 2547 τοὺς
1274 2484 1437 2548 νέους
1491 2481 1705 2539 ἀδικεῖν
1759 2505 1825 2554 με

48 2559 52 2623 ¹.
147 2572 565 2641 διαφθείροντα.
607 2567 712 2640 ἐγώ
754 2570 819 2624 δέ
845 2591 932 2640 γε,
973 2562 1016 2625 ῶ
1049 2567 1251 2642 ἄνδρες
1276 2567 1586 2640 Ἀθηναῖοι,
1611 2568 1824 2626 ἀδικεῖν

0 2664 12 2690 ’-
59 2707 73 2731 3
147 2678 288 2727 φημι
326 2657 613 2726 Μέλητον,
662 2654 747 2711 ὅτι
787 2660 1001 2729 σπουδῇ
1041 2660 1455 2729 χαριεντίζεται,
1502 2658 1708 2731 ῥαδίως
1746 2661 1824 2723 είς

62 2784 69 2818 4
147 2741 336 2813 ἀγῶνα
381 2740 650 2807 καθιστὰς
694 2741 1056 2814 ἀνθρώπους,
1102 2743 1226 2814 περὶ
1273 2742 1610 2814 πραγμάτων
1655 2759 1822 2816 προσ-

67 2822 75 2862 ἶ
146 2829 479 2901 ποιούμενος
509 2828 837 2896 σπουδάζειν
866 2830 959 2885 καὶ
989 2829 1287 2901 κήδεσθαι,
1329 2823 1409 2886 ῶν
1443 2828 1610 2886 οὐδὲν
1642 2828 1820 2905 τούτῳ
