2020 3198
267 148 372 200 130
938 148 1275 192 ΠΛΑΤΩΝοΣ

208 272 422 321 Βσθαι·
468 269 671 322 τοῦτον
721 267 783 322 δὲ
826 266 926 322 τὸν
971 265 1227 322 θάνατον
1272 266 1365 321 καὶ
1402 264 1610 336 ταύτην
1647 262 1751 336 τὴν
1785 269 1793 331 Ι
1828 263 1949 320 διά-

261 359 424 408 λυσιν
462 356 564 409 τοῦ
597 353 864 426 σώματος,
902 351 939 426 ἢ
970 357 1036 428 τῇ
1068 356 1216 427 ψυχῇ
1249 354 1405 425 φέρει
1444 352 1704 426 ὄλεθρον,
1736 352 1950 424 μηδένα

262 445 400 512 φαίη
434 442 662 497 εἰδέναι·
695 440 979 498 ἀδύνατον
1011 440 1118 514 γὰρ
1152 439 1295 497 εἶναι
1329 439 1546 516 ὁτῳοῦν
1570 439 1948 496 αἰσθάνεσθαι

261 526 443 600 ἡμῶν·
492 532 544 585 εί
593 529 655 586 δὲ
698 533 864 586 τοῦτο
915 528 1092 595 οὕτως
1131 533 1264 602 ἔχει,
1313 527 1504 584 οὐδενὶ
1542 528 1807 601 προσήκει
1844 528 1947 584 θά-

260 637 433 672 νατον
471 621 783 690 θαρροῦντι
822 617 896 690 μὴ
937 616 1040 674 οὐκ
1080 616 1329 688 ἀνοήτως
1366 624 1623 689 θαρρεῖν,
1663 614 1724 683 ὃς
1762 613 1833 672 ἂν
1871 616 1949 688 μὴ

263 708 357 778 ἔχῃ
406 703 717 775 ἀποδεῖξαι,
765 703 851 762 ὅτι
897 709 1010 762 ἔστι
1063 704 1211 777 ψυχὴ
1259 704 1609 761 παντάπασιν
1657 703 1951 761 ἀθάνατόν

261 813 320 847 τε
356 792 449 846 καὶ
488 790 841 866 ἀνώλεθρον·
888 797 940 850 εί
985 794 1047 850 δὲ
1085 793 1187 865 μή,
1236 791 1487 864 ἀνάγκην
1534 790 1679 848 εἶναι
1724 792 1812 849 ἀεὶ
1848 791 1951 849 τὸν

264 881 535 952 μέλλοντα
604 879 1020 938 ἀποθανεῖσθαι
1090 882 1334 938 δεδιέναι
1402 879 1542 954 ὑπὲρ
1610 885 1707 953 τῆς
1774 878 1950 937 αὑτοῦ

263 971 459 1040 ψυχῆς,
499 968 574 1040 μὴ
623 971 683 1025 έν
730 973 795 1042 τῇ
835 973 944 1026 νῦν
990 973 1091 1025 τοῦ
1139 969 1390 1041 σώματος
1437 968 1702 1036 διαζεύξει
1746 967 1949 1024 παντά-

264 1071 434 1112 πασιν
474 1055 778 1128 ἀπόληται.’

413 1147 720 1202 XXXVIII.
818 1146 1038 1212 Πάντες
1108 1140 1212 1202 οὖν
1273 1146 1609 1212 ἀκούσαντες
1679 1144 1950 1202 εἰπόντων

216 1249 248 1294 c
269 1231 455 1289 αὐτῶν
489 1235 496 1305 Ι
532 1232 719 1305 ἀηδῶς
759 1235 1104 1306 διετέθημεν,
1145 1232 1218 1299 ὡς
1257 1232 1493 1307 ὕστερον
1526 1235 1784 1306 ἐλέγομεν
1813 1232 1955 1306 πρὸς

266 1321 566 1394 ἀλλήλους,
606 1321 692 1379 ὅτι
729 1321 839 1379 ὑπὸ
878 1327 979 1380 τοῦ
1020 1327 1338 1395 ἔμπροσθεν
1383 1322 1558 1394 λόγου
1603 1322 1824 1395 σφόδρα
1861 1340 1953 1377 πε-

266 1411 595 1481 πεισμένους
639 1410 784 1484 ἡμᾶς
828 1411 997 1468 πάλιν
1052 1412 1286 1468 ἐδόκουν
1339 1410 1679 1485 ἀναταράξαι
1729 1411 1823 1467 καὶ
1876 1413 1955 1476 εἰς

268 1498 530 1556 ἀπιστίαν
590 1506 921 1572 καταβαλεῖν
985 1499 1053 1556 οὐ
1115 1502 1292 1572 μόνον
1360 1512 1475 1567 τοῖς
1535 1499 1956 1573 προειρημένοις

268 1588 482 1660 λόγοις,
538 1587 678 1645 ἀλλὰ
732 1589 825 1645 καὶ
873 1592 950 1655 εἰς
994 1588 1061 1644 τὰ
1108 1587 1345 1661 ὕστερον
1400 1589 1671 1659 μέλλοντα
1717 1586 1956 1661 ῥηθήσε-

270 1685 426 1748 σθαι,
467 1676 541 1749 μὴ
584 1676 819 1743 οὐδενὸς
864 1676 1010 1745 ἄξιοι
1058 1675 1208 1749 εἶμεν
1255 1676 1435 1749 κριταὶ
1473 1673 1508 1748 ἢ
1546 1677 1640 1731 καὶ
1677 1675 1746 1732 τὰ
1783 1674 1955 1750 πράγ-

271 1787 415 1838 ματα
453 1764 654 1821 ἄπιστα
693 1760 744 1839 ᾖ.

418 1865 512 1907 EX.
581 1854 675 1926 Νὴ
721 1853 853 1921 τοὺς
890 1853 1086 1925 θεούς,
1135 1847 1179 1910 ὦ
1226 1858 1479 1925 Φαίδων,
1521 1852 1856 1925 συγγνώμην
1894 1873 1957 1924 γε

273 1947 377 2015 ἔχω
431 1940 581 2014 ὑμῖν.
671 1944 766 1998 καὶ
810 1941 917 2015 γὰρ
973 1940 1146 1998 αὐτόν
1200 1964 1266 2014 με
1318 1945 1427 1998 νῦν
1481 1940 1799 1997 ἀκούσαντά
1854 1956 1959 1997 σου

271 2030 532 2088 τοιοῦτόν
569 2053 622 2087 τι
660 2032 841 2103 λέγειν
880 2030 1018 2103 πρὸς
1064 2029 1303 2102 ἐμαυτὸν
1351 2031 1650 2102 ἐπέρχεται·
1695 2034 1807 2086 τίνι
1854 2022 1959 2085 οὖν

213 2124 352 2177 Βέτι
386 2127 394 2188 Ι
428 2119 794 2191 πιστεύσομεν
833 2120 1006 2196 λόγω;
1055 2119 1129 2186 ὡς
1166 2118 1272 2192 γὰρ
1319 2119 1542 2191 σφόδρα
1578 2117 1822 2184 πιθανὸς
1859 2115 1960 2188 ὤν,

275 2207 343 2265 ὃν
383 2207 412 2265 ὁ
454 2208 758 2282 Σωκράτης
798 2213 947 2279 ἔλεγε
986 2207 1184 2279 λόγον,
1230 2210 1338 2264 νῦν
1386 2212 1463 2273 είς
1501 2205 1761 2263 ἀπιστίαν
1798 2226 1960 2262 κατα-

275 2298 568 2353 πέπτωκεν.
644 2299 982 2367 θαυμαστῶς
1012 2296 1120 2367 γάρ
1167 2317 1275 2366 μου
1322 2293 1351 2351 ὁ
1400 2295 1566 2366 λόγος
1613 2287 1775 2360 οὗτος
1813 2292 1963 2349 ἀντι-

275 2385 615 2457 λαμβάνεται
652 2386 744 2439 καὶ
783 2387 891 2439 νῦν
930 2384 1022 2438 καὶ
1062 2382 1173 2453 ἀεί,
1220 2381 1282 2438 τὸ
1325 2380 1599 2455 ἁρμονίαν
1637 2381 1763 2438 τινὰ
1802 2379 1963 2453 ἡμῶν

277 2473 421 2531 εἶναι
458 2472 560 2544 τὴν
599 2472 801 2544 ψυχήν,
840 2472 931 2527 καὶ
966 2470 1147 2542 ὥσπερ
1179 2468 1496 2541 ὑπέμνησέν
1528 2493 1594 2542 με
1625 2473 1838 2542 ῥηθείς,
1878 2467 1965 2526 ὅτι

276 2563 369 2618 καὶ
415 2559 565 2636 αὐτῷ
612 2582 707 2631 μοι
751 2562 924 2615 ταῦτα
971 2559 1360 2631 προυδέδοκτο.
1436 2559 1529 2614 καὶ
1574 2558 1724 2615 πάνυ
1770 2558 1966 2629 δέομαι

277 2650 445 2706 πάλιν
478 2647 659 2720 ὥσπερ
694 2650 747 2714 ἐξ
779 2646 951 2719 ἀρχῆς
982 2646 1156 2702 ἄλλου
1178 2644 1329 2711 τινὸς
1360 2645 1552 2717 λόγου,
1587 2645 1647 2713 ὅς
1677 2668 1744 2718 με
1773 2651 1966 2716 πείσει,

278 2738 352 2804 ὡς
390 2740 491 2793 τοῦ
533 2735 925 2800 ἀποθανόντος
965 2733 1033 2790 οὐ
1075 2733 1528 2807 συναποθνῄσκει
1561 2733 1596 2805 ἡ
1628 2734 1792 2806 ψυχή.
1845 2735 1968 2805 λέγε

277 2820 384 2882 οὖν
422 2824 561 2895 πρὸς
601 2823 764 2893 Διός,
811 2826 885 2896 πῇ
935 2820 964 2878 ὁ
1007 2820 1312 2894 Σωκράτης
1358 2825 1597 2893 μετῆλθε
1634 2819 1733 2877 τὸν
1770 2820 1969 2893 λόγον;
