2020 3198
93 150 146 192 15
757 148 1096 193 ΚΡΑΤΤΑΟΣ.
1667 149 1770 203 189

236 265 402 320 EPM.
427 265 653 336 Ἔγωγε.

239 353 354 408 ΣΩ.
432 357 502 407 Τί
528 351 630 409 οὗν
663 355 755 424 δή;
790 354 892 409 οὐκ
923 359 1027 408 οἴει
1057 362 1220 409 τοῦτο
1255 356 1263 424 Ι
1298 358 1501 425 σεμνόν
1541 377 1594 411 τι
1629 352 1772 412 εἶναι
1803 376 1888 417 392

89 451 315 511 γνῶναι,
346 443 452 513 ὅπῃ
482 440 614 497 ποτὲ
643 443 828 514 ὀρθῶς
859 443 969 512 ἔχει
999 442 1213 497 ἐκεῖνον
1239 444 1337 497 τὸν
1361 446 1607 514 ποταμὸν
1631 445 1771 506 Ξάν-

87 535 200 585 θον
236 534 425 585 καλεῖν
462 535 672 600 μᾶλλον
710 530 744 599 ’ἢ
783 531 1182 601 Σκάμανδρον;
1225 533 1277 584 εἰ
1311 528 1371 585 δὲ
1400 534 1608 601 βούλει,
1646 532 1772 605 περὶ

89 626 186 688 τῆς
223 621 477 690 ὄρνιθος,
515 618 587 687 ἣν
625 617 770 687 λέγει
809 618 894 671 ὅτι

193 709 423 777 χαλκίδα
459 706 816 777 κικλῄσκουσι
852 709 1005 775 θεοί,
1046 707 1244 778 ἄνδρες
1283 705 1344 761 δὲ
1381 709 1666 778 κύμινδιν,

90 800 308 865 φαῦλον
338 795 464 864 ἡγεῖ
489 797 550 848 τὸ
583 796 830 865 μάθημα,
863 795 974 868 ὅσῳ
1006 795 1311 866 ὀρθότερόν
1343 795 1457 850 ἐστι
1480 802 1772 852 καλεῖσθαι

88 883 276 954 χαλκὶς
313 884 636 953 κυμίνδιδος
673 891 748 955 τῷ
789 883 936 955 αὐτῷ
976 882 1175 956 ὀρνέῳ;
1216 883 1251 952 ἢ
1290 884 1392 953 τὴν
1423 887 1683 939 Βατίειάν
1713 905 1771 940 τε

88 971 180 1026 καὶ
210 974 493 1043 Μυρίνην,
531 970 624 1025 καὶ
662 973 799 1024 ἄλλα
836 972 1013 1024 πολλὰ
1050 970 1143 1025 καὶ
1172 972 1374 1026 τούτου
1405 981 1506 1026 τοῦ
1537 983 1770 1043 ποιητοῦ

90 1059 182 1114 καὶ
221 1061 426 1124 ἄλλων;
463 1060 470 1130 Ι
506 1060 642 1113 ἀλλὰ
680 1067 850 1112 ταῦτα
889 1057 989 1128 μὲν
1030 1065 1160 1123 ἴσως
1197 1063 1357 1129 μείζω
1398 1059 1547 1114 ἐστὶν
1585 1062 1618 1130 ἢ
1651 1059 1767 1116 κατ’
1807 1075 1842 1118 Β

90 1145 182 1217 ἐμὲ
241 1146 332 1202 καὶ
394 1145 455 1201 σὲ
514 1147 775 1217 ἐξευρεῖν·
831 1147 861 1200 ὁ
924 1144 985 1200 δὲ
1037 1149 1426 1219 Σκαμάνδριός
1486 1169 1543 1203 τε
1597 1149 1688 1203 καὶ
1742 1150 1771 1204 ὁ

85 1232 380 1302 Ἀστυάναξ
449 1235 945 1306 ἀνθρωπινώτερον
1014 1235 1444 1305 διασκέψασθαι,
1516 1237 1590 1301 ὡς
1651 1237 1772 1307 ἐμοὶ

92 1325 265 1392 δοκεῖ,
333 1322 425 1377 καὶ
485 1324 648 1396 ῥᾷον,
712 1324 746 1376 ἅ
799 1335 972 1392 φησιν
1034 1323 1275 1393 ὀνόματα
1337 1320 1479 1378 εἷναι
1541 1333 1617 1399 τῷ
1670 1335 1771 1380 τοῦ

81 1410 349 1483 ’Έκτορος
393 1411 526 1479 υἱεῖ,
572 1413 695 1464 τίνα
740 1408 871 1464 ποτὲ
918 1410 1064 1479 λέγει
1110 1411 1212 1480 τὴν
1251 1412 1528 1482 ὀρθότητα
1570 1413 1767 1468 αὐτῶν.

91 1497 258 1554 οἶσθα
307 1501 412 1571 γὰρ
470 1501 649 1569 δήπου
697 1506 868 1552 ταῦτα
925 1500 992 1552 τὰ
1044 1501 1171 1569 ἔπη,
1222 1499 1283 1553 ἐν
1336 1494 1419 1564 οἷς
1470 1503 1683 1555 ἔνεστιν
1737 1502 1771 1556 ἃ

91 1588 195 1658 ἐγὼ
236 1589 389 1657 λέγω.

235 1677 400 1729 ΕΡΜ.
479 1676 643 1728 Πάνυ
680 1694 758 1743 γε.

238 1763 353 1817 ΣΩ.
410 1765 659 1834 Πότερον
684 1759 786 1816 οὖν
811 1761 1159 1833 οῖἐιὍμηρον
1183 1762 1488 1834 ὀρθότερον
1511 1764 1770 1832 ἡγεῖσθαι

88 1862 199 1906 τῶν
245 1853 531 1922 ὀνομάτων
576 1855 795 1904 κεῖσθαι
839 1857 915 1923 τῷ
962 1851 1143 1919 παιδί,
1196 1852 1295 1904 τὸν
1330 1846 1696 1906 Ἀστυάνακτα
1734 1852 1768 1922 ἢ

89 1942 186 1994 τὸν
224 1942 644 2010 Σκαμάνδριον,

242 2028 247 2099 Ι
290 2028 453 2081 ΕΡΜ.
535 2027 651 2080 Οὐκ
689 2029 792 2096 ἔχω
831 2026 1024 2095 λέγειν.
1801 2046 1834 2091 c

236 2115 359 2168 XII,
443 2115 558 2168 ΣΩ.
618 2108 745 2168 Ὧδε
801 2116 869 2184 δὴ
924 2117 1126 2169 σκόπει.
1219 2120 1275 2169 εἴ
1319 2135 1401 2180 τις
1453 2118 1633 2187 ἔροιτό
1688 2130 1767 2185 σε,

90 2206 323 2274 πότερον
362 2209 465 2258 οἴει
497 2204 800 2274 ὀρθότερον
829 2208 1018 2257 καλεῖν
1047 2205 1114 2256 τὰ
1145 2203 1385 2273 ὀνόματα
1413 2206 1543 2267 τοὺς
1574 2224 1768 2275 φρονι-

91 2292 367 2363 μωτέρους
403 2292 437 2361 ἢ
477 2294 606 2354 τοὺς
645 2290 1110 2362 ἀφρονεστέρους-ς

236 2380 400 2433 ΕΡΜ.
455 2384 647 2449 Δῆλον
672 2380 740 2448 δὴ
759 2379 842 2432 ὅτι
857 2382 987 2443 τοὺς
1003 2379 1468 2451 φρονιμωτέρους,
1494 2383 1666 2450 φαίην
1683 2382 1765 2434 ἄν.

239 2468 355 2521 ΣΩ.
434 2470 683 2539 Πότερον
730 2463 832 2521 οὗν
882 2469 944 2521 αἱ
983 2478 1239 2536 γυναῖκες
1285 2467 1344 2522 ἐν
1385 2477 1503 2532 ταῖς
1540 2471 1767 2521 πόλεσιν

92 2558 501 2627 φρονιμώτεραί
542 2570 630 2609 σοι
678 2558 940 2610 δοκοῦσιν
978 2553 1120 2610 εἶναι
1158 2556 1191 2625 ἢ
1233 2557 1290 2610 οἱ
1324 2557 1545 2627 ἄνδρες,
1594 2557 1666 2619 ὡς
1704 2557 1764 2609 τὸ

93 2643 224 2697 ὅλον
263 2646 436 2697 εἰπεῖν
473 2643 654 2711 γένος;

238 2732 401 2784 ΕΡΜ.
481 2732 554 2783 Οἱ
587 2733 797 2802 ἄνδρες.

240 2818 356 2872 ΣΩ.
422 2818 642 2872 Οὐκοῦν
693 2815 879 2888 οἶσθα,
934 2820 1017 2872 ὅτι
1046 2818 1281 2890 Ὅμηρος
1326 2820 1387 2872 τὸ
1434 2820 1656 2872 παιδίον
1702 2819 1763 2870 τὸ
