2020 3198
827 123 1069 169 ΦΑΙΔΩΝ.
1687 124 1791 176 141

112 247 372 315 ἔπραττεν
411 242 587 300 πολλὰ
629 241 785 297 ἄττα·
832 239 972 296 ἀλλὰ
1019 239 1127 314 γὰρ
1176 239 1345 298 οὐδέν
1383 263 1435 297 τι
1473 246 1684 312 μᾶλλον
1721 236 1794 314 ἦν

45 384 56 387 -
111 329 427 401 ἀθάνατον,
461 337 470 398 Ι
504 328 644 386 ἄλλα
697 329 790 384 καὶ
837 327 971 383 αὐτὸ
1026 327 1088 385 τὸ
1146 332 1223 395 εἰς
1278 328 1585 402 ἀνθρώπου
1639 334 1851 401 σῶμαΙ)

113 421 301 475 ἐλθεῖν
357 417 498 492 ἀρχὴ
554 412 628 490 ἦν
690 416 829 489 αὐτῇ
887 415 1156 489 ὀλέθρου,
1218 415 1401 488 ὥσπερ
1454 416 1645 484 νόσος·
1703 419 1795 474 καὶ

109 508 602 580 ταλαιπωρουμένη
648 527 706 562 τε
755 504 824 576 δὴ
871 508 1073 561 τοῦτον
1118 503 1219 561 τὸν
1264 510 1393 576 βίον
1442 505 1546 580 ζςόη
1585 507 1677 562 καὶ
1715 529 1796 564 τε-

111 595 360 652 λευτῶσά
414 617 478 666 γε
533 597 593 650 ἐν
647 598 722 669 τῷ
785 595 1107 668 καλουμένῳ
1162 592 1391 667 θανάτῳ
1447 583 1795 652 ἀπολλύοιτο.

114 684 404 755 διαφέρειν
443 683 506 739 δὲ
544 680 612 753 δὴ
653 681 763 755 φῂς
803 680 991 752 οὐδέν,
1032 689 1139 737 εἴτε
1178 679 1321 748 ἅπαξ
1354 685 1432 747 εἰς
1463 685 1619 753 σῶμα
1651 687 1796 756 ε”ρχε-

111 793 201 826 ται
240 777 346 827 εἴτε
384 770 673 840 πολλάκις,
722 769 859 843 πρός
905 792 967 841 γε
1011 768 1074 825 τὸ
1124 770 1355 825 ἕκαστον
1403 767 1561 840 ἡμῶν
1607 775 1796 842 φοβεῖ-

112 867 268 915 σθαι·
315 858 618 932 προσήκειν
667 857 774 930 γὰρ
821 863 1150 930 φοβεῖσθαι,
1201 861 1253 914 εἰ
1297 857 1370 929 μὴ
1420 857 1655 930 ἀνόητος
1693 866 1795 930 εἴη,

110 950 187 1024 τῷ
226 946 299 1018 μὴ
343 945 515 1003 εἰδότι
561 947 701 1018 μηδὲ
748 950 929 1018 ἔχοντι
974 945 1147 1017 λόγον
1195 948 1417 1002 διδόναι
1462 944 1536 1013 ὡς
1581 946 1797 1003 ἀθάνα-

111 1034 212 1091 τόν
264 1036 393 1091 ἐστι.
468 1033 678 1091 τοιαῦτ’
733 1033 869 1090 ἅττα
920 1036 1095 1105 ἐστίν,
1148 1031 1325 1106 οἶμαι,
1377 1028 1421 1091 c3
1456 1036 1463 1107 Ι
1498 1036 1707 1107 Κέβης,
1762 1034 1852 1091 &E

113 1124 311 1194 λέγεις·
349 1122 442 1180 καὶ
482 1124 788 1193 ἐξεπίτηδες
825 1121 1092 1188 πολλάκις
1131 1120 1534 1194 ἀναλαμβάνω,
1582 1126 1676 1179 ἵνα
1722 1124 1796 1196 μή

111 1233 164 1266 τι
211 1210 458 1284 διαφύγῃ
505 1208 673 1281 ἡμᾶς,
721 1216 776 1266 εἴ
815 1211 877 1266 τέ
917 1232 969 1265 τι
1016 1210 1234 1282 βούλει,
1284 1214 1540 1284 προσθῇς
1584 1207 1619 1282 ἢ
1667 1210 1796 1284 άφέ-

114 1301 243 1372 λῃς.’
304 1299 398 1355 καὶ
432 1297 461 1354 ὁ
495 1300 700 1369 Κέβης·
741 1297 882 1354 ’ἀλλ’
920 1297 1089 1354 οὐδὲν
1122 1303 1292 1370 ἔγωγε
1324 1301 1384 1355 ἐν
1415 1302 1491 1374 τῷ
1523 1299 1797 1372 παρόντι,’

114 1393 246 1460 ἔφη,
300 1386 449 1443 ‘offis
496 1385 725 1457 ἀφελεῖν
773 1385 901 1441 οὔτε
946 1394 1278 1458 προσθεῖναι
1317 1388 1534 1457 δέομαι·
1582 1391 1696 1443 ἔστι
1736 1389 1799 1445 δὲ

111 1479 301 1546 ταῦτα,
340 1472 375 1530 δι’
415 1474 590 1544 λέγω.’

257 1565 419 1619 XLV.
481 1561 537 1618 Ὁ
576 1555 680 1618 οὖν
721 1562 1022 1635 Σωκράτης
1060 1561 1271 1634 συχνὸν
1310 1561 1519 1636 χρόνον
1558 1565 1797 1638 ἐπισχών

111 1653 204 1709 καὶ
242 1651 380 1725 πρὸς
419 1651 618 1707 ἑαυτόν
656 1672 709 1706 τι
749 1653 1111 1721 σκεψάμενος·
1153 1652 1243 1706 εού
1283 1654 1503 1722 φαῦλον
1534 1656 1797 1725 πρᾶγμα,’

113 1746 246 1812 ἔφη,
296 1733 359 1797 ‘03
399 1741 609 1810 Κέβης,
659 1745 851 1810 ζητεῖς·
892 1737 1034 1804 ὅλως
1078 1737 1185 1810 γὰρ
1234 1742 1324 1794 δεῖ·
1364 1740 1488 1813 περὶ
1533 1743 1799 1812 γενέσεως

113 1829 203 1884 καὶ
235 1832 459 1900 φθορᾶς
490 1827 594 1898 τὴν
628 1830 809 1882 αἰτίαν
843 1826 1482 1898 διαπραγματεύσασθαι.
1517 1829 1524 1900 Ι
1561 1829 1666 1899 ἐγὼ
1694 1823 1798 1885 οὖν
1815 1846 1869 1886 96

116 1932 203 1972 σοι
244 1920 411 1987 δίειμι
451 1915 575 1986 περὶ
616 1911 827 1983 αὐτῶν,
875 1912 974 1968 ἐὰν
1020 1913 1223 1987 βούλῃ,
1269 1914 1336 1969 τά
1375 1936 1438 1985 γε
1476 1914 1577 1986 ε’μά
1619 1916 1796 1989 πάθη·

115 2009 295 2060 ἔπειτα
350 2002 421 2059 ἄν
474 2007 531 2057 τί
581 2018 670 2057 σοι
724 2000 998 2072 χρήσιμον
1060 2006 1325 2073 φαίνηται
1379 1995 1460 2059 ὦν
1514 1999 1584 2058 ἂν
1639 2006 1796 2077 λέγω,

113 2090 249 2163 πρὸς
285 2089 387 2161 τὴν
426 2088 603 2145 πειθὼ
644 2088 768 2161 περὶ
809 2081 888 2143 ὧν
928 2090 1102 2158 λέγεις
1147 2090 1370 2160 χρήσει.’
1450 2087 1607 2146 εάλλόι
1648 2092 1795 2164 μήν,’

113 2184 217 2250 ἔφη
261 2176 290 2234 ὁ
325 2179 525 2248 Κέβης,
566 2176 863 2247 εβούλομαί
896 2178 994 2247 ys?
1058 2175 1246 2232 εἄκουε
1276 2181 1470 2233 τοίνυν
1504 2176 1578 2245 ὡς
1609 2181 1797 2252 ἐροῦν-

112 2289 218 2333 τος.
280 2263 384 2337 gy&
424 2264 579 2337 γάρ,’
629 2268 760 2334 ἔφη,
810 2257 872 2319 “ε3
914 2265 1121 2335 Κέβης,
1169 2265 1296 2330 νέος
1344 2262 1424 2321 ὢν
1463 2272 1799 2338 θαυμαστῶς

112 2353 186 2420 ὡς
240 2353 561 2424 ἐπεθύμησα
614 2350 816 2423 ταύτης
869 2355 964 2423 τῆς
1020 2357 1244 2423 σοφίας,
1308 2350 1380 2423 ἣν
1443 2353 1512 2425 δὴ
1566 2362 1797 2411 καλοῦσι

110 2444 233 2515 περὶ
282 2442 500 2514 φύσεως
549 2443 813 2513 ἱστορίαν.
890 2438 1252 2513 ὑπερήφανος
1304 2441 1412 2514 γάρ
1467 2463 1562 2513 μοι
1617 2443 1794 2500 ἐδόκει

110 2528 282 2600 εἶναι,
336 2530 543 2584 εἰδέναι
595 2527 693 2593 τὰς
745 2531 921 2594 αἰτίας
976 2528 1236 2598 ἑκάστου,
1294 2528 1387 2583 διὰ
1444 2534 1501 2584 τί
1550 2535 1794 2601 γίγνεται

110 2619 343 2673 ἕκαστον
390 2615 483 2671 καὶ
536 2614 627 2671 διὰ
674 2620 732 2671 τί
773 2614 1071 2672 ἀπόλλυται
1126 2616 1218 2671 καὶ
1270 2615 1362 2672 διὰ
1412 2622 1471 2671 τί
1514 2622 1648 2673 ἔστι·
1702 2620 1794 2674 καὶ

109 2704 372 2769 πολλάκις
398 2705 633 2774 ἐμαυτὸν
658 2702 775 2760 ἅνω
807 2704 955 2760 κάτω
991 2707 998 2774 Ι
1034 2704 1366 2775 μετέβαλλον
1401 2709 1623 2761 σκοποῦν
1649 2709 1847 2777 πρῶ-Β

109 2814 206 2850 τον
243 2791 309 2847 τὰ
350 2789 557 2860 τοιάδε,
597 2784 684 2859 ἆρ’
730 2789 953 2847 ἐπειδὰν
992 2790 1054 2846 τὸ
1095 2789 1310 2861 θερμὸν
1348 2792 1441 2846 καὶ
1478 2790 1539 2847 τὸ
1575 2790 1792 2864 ψυχρὸν
