2020 3198
734 131 1084 176 ΕΤΘΤΦΡΩΝ.
1691 130 1713 180 1
1727 128 1756 181 7

79 257 392 322 φιλεῖσθαι,
455 248 548 308 διὰ
607 253 773 306 τοῦτο
828 255 1088 320 φιλεῖται.
1142 249 1234 303 καὶ
1287 245 1660 318 κινδυνεύεις,
1715 239 1758 303 ὦ

80 337 423 411 Εὐθύφρον,
463 338 814 412 ἐρωτώμενος
844 334 906 392 τὸ
942 334 1126 406 ὅσιον,
1169 334 1255 391 ὅτι
1285 333 1405 391 ποτ’
1444 340 1618 406 ἔστιν,
1655 333 1761 406 τὴν

81 427 182 498 μὲν
223 425 421 483 οὐσίαν
460 449 555 498 μοι
593 424 767 481 αὐτοῦ
809 422 877 480 οὐ
916 422 1225 493 βούλεσθαι
1266 427 1539 494 δηλῶσαι,
1579 423 1763 489 πάθος

83 515 149 571 δέ
181 536 235 570 τι
271 516 396 587 περὶ
436 514 610 570 αὐτοῦ
642 514 849 584 λέγειν,
891 510 976 568 ὅτι
1006 512 1254 567 πέπονθε
1283 516 1448 567 τοῦτο
1479 511 1541 568 τὸ
1584 510 1762 582 ὅσιον,

81 610 371 673 φιλεῖσθαι
401 601 509 658 ὑπὸ
543 601 767 658 πάντων
802 601 808 674 Ι
843 603 1019 656 θεῶν·
1060 598 1145 655 ὅτι
1184 599 1246 655 δὲ
1278 598 1370 670 ὄν,
1411 598 1564 656 οὔπω
1606 597 1818 665 eines-,B

7 715 10 720 ’
83 694 134 746 εἰ
188 684 292 746 οὖν
348 708 437 746 σοι
491 695 688 761 φίλον,
751 687 824 760 μή
889 710 955 759 με
1009 686 1335 759 ἀποκρύψῃ,
1391 685 1534 742 ἀλλὰ
1595 687 1764 744 πάλιν

83 779 201 835 εἰπὲ
255 781 308 845 ἐξ
363 776 561 852 ἀρχῆς,
618 783 677 834 τί
725 797 856 832 ποτε
909 773 976 832 ὂν
1029 774 1091 831 τὸ
1149 774 1309 831 ὅσιον
1367 781 1475 831 εἴτε
1528 782 1766 846 φιλεῖται

82 865 191 923 ὑπὸ
246 870 400 923 θεῶν
454 873 561 922 εἴτε
616 864 773 936 ὁτιδὴ
828 863 1046 935 πάσχει·
1103 861 1170 919 ού
1225 862 1332 934 γὰρ
1386 864 1511 935 περὶ
1563 862 1766 919 τούτου

85 954 436 1026 διοισόμεθα·
477 951 596 1010 ἀλλ’
641 953 757 1010 εἰπὲ
787 952 1117 1024 προθύμως,
1157 956 1215 1008 τί
1243 954 1393 1008 ἐστιν
1423 950 1487 1007 τό
1518 973 1576 1007 τε
1608 950 1766 1007 ὅσιον

84 1042 176 1097 καὶ
213 1040 276 1097 τὸ
316 1040 578 1107 άνόσιον;

231 1137 372 1181 Em).
432 1127 599 1199 Ἀλλ’,
647 1122 1048 1201 ώΣώκρατες,
1098 1126 1200 1183 οὐκ
1248 1132 1352 1199 ἔχω
1395 1132 1583 1199 ἔγωγε,
1623 1125 1769 1192 ὅπως

0 1276 2 1278 ,
86 1235 176 1275 σοι
215 1226 349 1274 εἴπω
389 1215 420 1273 ὃ
459 1220 589 1274 νοῶ.
636 1218 975 1288 περιέρχεται
1012 1215 1118 1288 γάρ
1167 1236 1282 1282 πως
1326 1214 1463 1288 ἡμῖν
1501 1213 1586 1272 ἀεὶ
1626 1214 1656 1271 ὃ
1697 1211 1767 1270 ἂν

0 1322 13 1341 ’-
86 1306 459 1380 προθώμεθα,
499 1305 592 1361 καὶ
633 1303 955 1361 οὐκ-ἐθέλει
995 1305 1180 1375 μένειν
1229 1302 1371 1360 ὅπου
1422 1301 1494 1359 ἂν
1535 1302 1768 1376 ἱδρυσώ-

87 1402 233 1466 μεθα
273 1392 424 1449 αὐτό.

234 1491 330 1533 ΣΩ.
428 1484 542 1537 Τοῦ
602 1479 870 1553 ἡμετέρου
937 1479 1249 1550 προγόνου,
1321 1473 1365 1535 ὦ
1435 1478 1769 1550 Εὐθύφρον,

88 1575 267 1627 ἔοικεν
307 1568 450 1626 εἶναι
489 1568 783 1625 Δαιδάλου
820 1567 887 1624 τὰ
924 1565 1033 1623 ὑπὸ
1076 1570 1180 1622 σοῦ
1225 1567 1231 1640 Ι
1269 1566 1553 1638 λεγόμενα.
1590 1567 1683 1622 καὶ
1723 1563 1821 1622 εἰΟ

89 1658 190 1730 μὲν
251 1655 388 1713 αὐτοὶ
452 1656 556 1728 ἐγὼ
621 1661 811 1727 ἔλεγον
871 1656 964 1710 καὶ
1030 1655 1320 1726 ἐτιθέμην,
1383 1662 1516 1721 ἴσως
1575 1653 1646 1710 ἄν
1708 1676 1772 1724 με

89 1747 447 1815 ἐπέσκωπτες,
489 1743 562 1811 ὡς
601 1743 708 1817 ἄρα
745 1744 837 1799 καὶ
869 1744 989 1815 ἐμοὶ
1020 1741 1158 1798 κατὰ
1188 1742 1291 1814 τὴν
1331 1745 1547 1800 ἐκείνου
1587 1743 1772 1813 ξυγγέ-

89 1856 246 1890 νειαν
291 1832 357 1888 τὰ
415 1834 476 1889 ἐν
528 1844 644 1898 τοῖς
688 1831 876 1903 λόγοις
923 1835 1055 1903 ἔργα
1102 1828 1501 1902 ἀποδιδράσκει
1538 1831 1630 1885 καὶ
1671 1827 1773 1886 οὐκ

92 1923 271 1978 ἐθέλει
310 1922 496 1992 μένειν
538 1918 681 1976 ὅπου
721 1919 794 1974 ἄν
830 1941 911 1984 τις
951 1916 1090 1974 αὐτὰ
1138 1921 1241 1990 θῇ·
1279 1921 1388 1973 νῦν
1435 1916 1497 1973 δὲ
1535 1917 1628 1972 σαὶ
1665 1915 1771 1988 γὰρ

91 2013 154 2066 αἰ
193 2007 491 2072 ὑποθέσεις
536 2011 699 2063 εἰσίν·
753 2006 928 2062 ἄλλου
984 2005 1052 2075 δή
1108 2026 1258 2070 τινος
1305 2009 1394 2060 δεῖ
1435 2004 1772 2076 σκώμματος.

94 2096 161 2153 οὐ
199 2096 307 2167 γὰρ
348 2097 606 2152 ἐθέλουσι
649 2094 738 2150 σοὶ
785 2094 997 2164 μένειν,
1038 2090 1112 2158 ὥς
1149 2092 1242 2147 καὶ
1289 2090 1438 2168 αὐτῷ
1479 2108 1569 2148 σοι
1609 2096 1773 2148 δοκεῖ.

238 2191 379 2235 ΕΤΘ.
429 2181 583 2253 Ἐμοὶ
623 2181 684 2237 δὲ
724 2185 879 2237 δοκεῖ
914 2178 1115 2251 σχεδόν
1151 2199 1203 2234 τι
1241 2182 1343 2235 τοῦ
1384 2178 1556 2236 αὐτοῦ
1597 2177 1774 2249 σκώμ-

93 2293 285 2343 ματος,
341 2263 385 2326 ώ
438 2267 755 2340 Σώκρατες,
802 2271 1025 2323 δεῖσθαι
1078 2265 1146 2321 τά
1205 2266 1498 2338 λεγόμενα·
1550 2264 1612 2322 τὸ
1667 2265 1773 2336 γὰρ

92 2359 362 2431 περιιέναι
414 2355 630 2421 τούτοις
674 2358 838 2411 τοῦτο
885 2355 978 2410 καὶ
1024 2352 1097 2424 μὴ
1154 2354 1340 2424 μένειν
1395 2357 1458 2411 ἐν
1501 2357 1576 2429 τῷ
1626 2351 1773 2427 αὐτῷ

94 2443 196 2502 οὐκ
249 2444 355 2516 ἐγώ
410 2447 520 2515 εἰμι
577 2442 608 2499 ὁ
662 2444 926 2513 ἐντιθείς,
971 2440 1149 2514 Ιᾶλλά
1214 2440 1284 2497 σύ
1341 2463 1435 2512 μοι
1505 2444 1682 2505 δοκεῖς
1738 2437 1826 2495 ὁῙ)

94 2535 397 2597 Δαίδαλος·
436 2530 552 2587 ἐπεὶ
591 2531 727 2602 ἐμοῦ
766 2551 827 2600 γε
859 2530 1020 2584 ἕνεκα
1054 2531 1246 2598 ἔμενεν
1279 2524 1353 2583 ἂν
1375 2530 1546 2583 ταῦτα
1586 2525 1775 2591 οὕτως.

240 2628 336 2672 ΣΩ.
397 2616 728 2674 Κινδυνεύω
776 2616 910 2688 ἄρα,
958 2608 1002 2671 ὦ
1043 2614 1245 2687 ἑταῖρε,
1286 2616 1501 2671 ἐκείνου
1537 2616 1638 2670 τοῦ
1685 2611 1775 2668 άν-

96 2707 229 2780 δρὸς
267 2704 575 2776 δεινότερος
604 2704 895 2775 γεγονέναι
923 2701 1026 2773 τὴν
1063 2702 1261 2772 τέχνην
1292 2700 1559 2776 τοσούτῳ,
1595 2697 1706 2773 ὅσω
1741 2694 1771 2754 ὅ

96 2794 195 2867 μὲν
234 2792 299 2849 τὰ
340 2791 513 2848 αὑτοῦ
554 2790 698 2862 μόνα
746 2792 916 2845 ἐποίει
964 2786 1031 2844 οὐ
1079 2788 1351 2858 μένοντα,
1389 2786 1494 2858 ἐγὼ
1539 2786 1600 2840 δὲ
1638 2783 1776 2855 πρὸς

180 2890 319 2922 PnAoeo
342 2889 362 2921 1
1479 2878 1504 2916 2
