2020 3198
251 165 358 217 184
930 167 1266 212 ΠΛΑΤΩΝΟΣ
1877 175 1932 215 10

403 284 570 338 EPM.
618 283 852 340 ’Έοικεν.

177 384 214 428 Ε
398 371 514 425 ΣΩ.
552 371 558 443 Ι
602 372 937 442 Νομοθέτου
984 375 1089 445 ἄρα
1129 376 1270 448 ἔργῳ
1310 377 1568 446 χρήσεται
1607 376 1636 430 ὁ
1677 378 1931 431 διδασκα-

247 463 416 528 λικός,
458 461 591 513 ὅταν
631 461 857 530 ὀνόματι
897 469 1113 533 χρῆται;

394 548 560 603 ΕΡΜ.
623 553 801 603 Δοκεῖ
834 569 942 619 μοι.

397 636 513 690 ΣΩ.
577 637 909 708 Νομοθέτης
956 637 1022 692 δέ
1069 652 1157 692 σοι
1207 640 1364 693 δοκεῖ
1396 647 1501 702 πᾶς
1539 635 1680 693 εἶναι
1719 639 1860 711 ἀνὴρ
1898 639 1933 709 ἢ

248 725 278 779 ὁ
317 725 420 794 τὴν
456 724 656 794 τέχνην
688 727 852 795 ἔχωνς

398 812 567 867 ΕΡΜ.
622 811 681 866 Ὁ
718 815 820 882 τὴν
857 812 1069 883 τέχνην.

397 900 513 955 ΣΩ.
572 901 690 954 Οὐκ
722 903 828 971 ἄρα
858 904 1062 966 παντὸς
1088 902 1309 974 ἀνδρός,
1335 900 1378 957 ὦ
1396 901 1732 973 Ἑρμόγενες,
1759 905 1934 974 ὄνομα

128 1002 215 1043 389
247 988 482 1057 θέσθαι,
534 988 672 1042 ἀλλά
716 1008 867 1053 τινος
914 990 1352 1061 ὀνοματουργοῦ·
1403 992 1409 1062 Ι
1452 987 1613 1055 οὗτος
1659 991 1714 1046 δ’
1767 992 1933 1061 ἐστίν,

249 1078 322 1141 ὡς
360 1079 556 1145 ἔοικεν,
597 1077 627 1131 ὁ
666 1077 992 1147 νομοθέτης,
1040 1078 1100 1142 ὃς
1147 1080 1214 1148 δὴ
1254 1088 1366 1134 τῶν
1405 1081 1760 1151 δημιουργῶν
1799 1094 1934 1134 σπα-

246 1166 510 1229 νιώτατος
549 1165 870 1236 ἀνθρώποις
906 1169 1165 1235 γίγνεται.

395 1255 562 1308 ΕΡΜ.
595 1254 826 1308 ’Έοικεν.

394 1342 486 1395 ΙΧ.
542 1342 658 1395 Σῼ.
692 1341 807 1396 Ἴθι
847 1345 933 1412 δή,
974 1343 1278 1412 ἐπίσκεψαι,
1317 1351 1417 1397 ποῖ
1450 1342 1668 1412 βλέπων
1707 1344 1736 1398 ὁ
1767 1363 1933 1414 νομο-

245 1429 413 1499 θέτης
450 1431 517 1484 τὰ
557 1430 797 1499 ὀνόματα
833 1434 1070 1495 τίθεται;
1113 1431 1172 1484 ἐκ
1209 1441 1321 1485 τῶν
1359 1433 1675 1503 ἔμπροσθεν
1711 1429 1770 1485 δὲ
1803 1432 1934 1486 ἀνοί-

248 1526 458 1582 σκεψαι·.
535 1527 636 1572 ποῖ
669 1517 887 1587 βλέπων
926 1520 955 1573 ὁ
994 1518 1198 1573 τέκτων
1235 1520 1337 1588 τὴν
1374 1522 1599 1590 κερκίδα
1629 1530 1798 1585 ποιεῖς
1840 1516 1927 1591 ἆρ’

248 1606 315 1659 οὐ
354 1608 492 1677 πρὸς
528 1609 785 1660 τοιοῦτόν
821 1626 875 1659 τι
913 1606 942 1660 ὃ
981 1606 1189 1676 πέφυκε
1220 1610 1508 1678 κερκίζειν;

394 1695 561 1748 ΕΡΜ.
610 1696 775 1748 Πάνυ
813 1715 890 1763 γε.

397 1782 513 1836 ΣΩ.
584 1786 654 1836 Τί
688 1783 772 1849 δέ;
815 1783 884 1836 ἂν
933 1790 1138 1852 καταγῇ
1179 1783 1326 1855 αὐτῷ
1364 1782 1398 1851 ἡ
1439 1782 1619 1853 κερκὶς
1656 1791 1928 1852 ποιοῦντι,

176 1877 214 1921 Β
251 1868 257 1942 Ι
298 1873 533 1942 πότερον
579 1873 747 1925 πάλιν
792 1874 1010 1941 ποιήσει
1056 1872 1229 1939 ἄλλην
1275 1871 1411 1940 πρὸς
1455 1872 1556 1939 τὴν
1602 1881 1932 1940 κατεαγυῖαν

246 1958 489 2028 βλέπων,
543 1959 576 2029 ἢ
631 1962 768 2031 πρὸς
822 1959 998 2013 έκεῖνο
1044 1961 1106 2013 τὸ
1153 1955 1324 2026 εἶδος,
1370 1960 1507 2029 πρὸς
1553 1959 1685 2030 ὅπερ
1731 1958 1823 2013 καὶ
1859 1959 1932 2029 ἣν

248 2046 505 2113 κατέαξεν
545 2048 740 2112 ἐποίει;

394 2135 564 2190 ΕΡΜ.
629 2138 783 2207 Πρὸς
822 2135 1026 2204 ἐκεῖνο,
1067 2137 1250 2204 ἔμοιγε
1291 2136 1455 2188 δοκεῖ.

396 2223 511 2276 ΣΩ.
578 2226 799 2278 Οὐκοῦν
846 2223 1022 2278 ἐκεῖνο
1075 2221 1370 2276 δικαιότατ’
1423 2222 1492 2276 ἂν
1539 2223 1671 2277 αὐτὸ
1711 2223 1741 2277 ὃ
1780 2226 1931 2278 ἔστιν

244 2310 428 2383 κερκὶς
465 2312 817 2381 καλέσαιμεν;

394 2399 562 2454 ΕΡΜ.
612 2400 836 2468 ’Έμοιγε
877 2401 1041 2452 δοκεῖ.

395 2486 510 2540 ΣΩ.
576 2488 798 2540 Οὐκοῦν
845 2486 1068 2539 ἐπειδὰν
1115 2484 1211 2554 δέῃ
1251 2489 1426 2557 λεπτῷ
1467 2485 1659 2558 ίματίῳ
1697 2485 1731 2554 ’ἢ
1770 2495 1931 2555 παχεῖ

246 2577 279 2646 ἢ
323 2581 456 2648 λινῷ
496 2574 530 2644 ἢ
570 2574 702 2646 ἐρεῷ
741 2573 775 2642 ἢ
816 2573 1094 2645 ὁποιῳοῦν
1124 2591 1234 2625 τινι
1266 2574 1487 2642 κερκίδα
1517 2582 1715 2641 ποιεῖν,
1754 2574 1930 2636 πάσας

246 2662 347 2734 μὲν
387 2666 475 2717 δεῖ
524 2665 585 2716 τὸ
633 2670 727 2730 τῆς
781 2662 1031 2731 κερκίδος
1078 2662 1222 2729 ἔχειν
1269 2657 1433 2729 εἶδος,
1482 2662 1571 2714 οἵα
1619 2657 1670 2714 δ’
1722 2660 1927 2734 ἑκάστῳ

181 2768 214 2812 C
246 2756 506 2821 καλλίστη
553 2750 787 2820 πέφυκε,
834 2750 841 2821 Ι
883 2750 1087 2818 ταύτην
1135 2749 1462 2803 ἀποδιδόναι
1500 2750 1601 2818 τὴν
1640 2750 1813 2818 φύσιν
1851 2751 1928 2812 εἰς

245 2844 306 2895 τὸ
346 2844 510 2912 ἔργον
549 2838 805 2903 ἕκαστονς
