2020 3198
257 189 329 242 98
444 233 453 249 x
938 190 1276 234 ΠΑΑΤῼΝΟΣ
1972 0 2020 248 1

2008 250 2020 282 ι

254 306 352 377 τῆς
374 309 476 362 τοῦ
502 305 753 378 σώματος
778 305 1120 380 ἀφροσύνης,
1145 304 1218 373 ὥς
1240 305 1303 363 τὸ
1331 305 1495 376 εἰκός,
1519 303 1652 376 μετὰ
1671 303 1942 361 τοιούτων
2012 285 2020 314 ³

255 416 313 451 τε
360 394 604 467 ἐσόμεθα
649 396 742 451 καὶ
778 395 1117 467 γνωσόμεθα
1158 393 1233 451 δι’
1284 392 1444 466 ἡμῶν
1491 393 1677 450 αὐτῶν
1721 396 1834 448 πᾶν
1880 391 1941 448 τὸ

194 492 238 535 ,Β
256 484 567 556 εἰλικρινές·
598 486 764 540 τοῦτο
791 482 843 540 δ’
874 485 1022 540 ἐστὶν
1048 490 1180 550 ἴσως
1214 486 1221 555 Ι
1255 482 1316 539 τὸ
1343 482 1564 554 ἀληθές.
1610 481 1685 554 μὴ
1709 483 1941 556 καθαρῷ
2014 471 2020 473 ”

255 570 362 644 γὰρ
401 575 658 645 καθαροῦ
699 571 1046 643 ἐφάπτεσθαι
1085 571 1158 643 μὴ
1201 569 1268 627 οὐ
1307 569 1540 642 θεμιτὸν
1577 563 1628 643 ᾖ.
1714 572 1943 626 τοιαῦτα
2016 584 2020 602 ³

258 657 436 731 οἶμαι,
492 654 536 717 ὦ
591 665 833 731 Σιμμία,
889 659 1198 731 ἀναγκαῖον
1262 657 1406 715 εἶναι
1468 657 1606 731 πρὸς
1669 656 1943 728 ἀλλήλους
2015 653 2020 696 Ϊ

256 748 437 819 λέγειν
475 770 533 804 τε
563 748 656 804 καὶ
690 747 936 815 δοξάζειν
968 747 1179 814 πάντας
1209 746 1339 814 τοὺς
1373 746 1564 819 ὀρθῶς
1595 752 1942 817 φιλομαθεῖς.

255 832 290 907 ἢ
316 835 385 892 ού
412 840 568 892 δοκεῖ
587 852 676 892 σοι
703 835 931 904 ofin-293³
958 836 1182 902 παντός
1204 858 1267 907 γε
1291 839 1521 907 μᾶλλον,
1547 857 1590 890 ω
1615 832 1942 906 Σώκρατεςῖ

403 926 523 981 XII.
579 923 866 994 ‘Ofixofivf
892 928 997 996 ἔφη
1033 922 1061 980 ὁ
1087 924 1450 995 Σωκράτης,
1455 925 1505 977 εἰ
1529 924 1706 977 ταῦτα
1737 920 1941 993 ἀληθῆ,
2015 935 2018 936 ’

257 1034 300 1068 ω
342 1012 547 1083 ἑταῖρε,
593 1012 769 1084 πολλὴ
819 1013 969 1078 ἐλπὶς
1014 1011 1335 1087 ἀφικομένῳ
1381 1006 1439 1066 οἷ
1473 1009 1579 1081 ἐγώ
1618 1009 1939 1082 πορεύομαι,
2019 1009 2020 1012 '

257 1101 371 1155 ἐκεῖ
406 1102 635 1170 ικανῶς,
677 1106 827 1172 εἴπερ
866 1119 976 1156 που
1015 1099 1243 1168 ἄλλοθι,
1281 1097 1596 1170 κτήσασθαι
1633 1101 1824 1169 τοῦτο,
1873 1091 1941 1154 οὗ

258 1188 417 1243 ἕνεκα
469 1186 503 1259 ἡ
558 1187 733 1259 πολλὴ
788 1192 1131 1261 πραγματεία
1183 1185 1317 1259 ἡμῖν
1373 1189 1432 1243 ἐν
1478 1189 1554 1262 τῷ
1603 1184 1943 1259 παρελθόντι

203 1283 236 1328 O
256 1279 360 1349 βίῳ
399 1276 651 1346 γέγονεν,
691 1274 830 1331 ὥστε
868 1274 904 1346 ἥ
934 1297 997 1346 γε
1029 1274 1311 1346 ἀποδημία
1342 1272 1376 1345 ἡ
1408 1277 1517 1330 νῦν
1547 1295 1643 1345 μοι
1677 1273 1684 1347 Ι
1718 1289 1942 1347 προστε-

256 1364 496 1435 ταγμένη
538 1362 670 1435 μετὰ
712 1362 931 1435 ἀγαθῆς
978 1365 1199 1429 ἐλπίδος
1243 1368 1490 1434 γίγνεται
1528 1361 1621 1417 καὶ
1659 1360 1807 1437 ἄλλῳ
1848 1360 1942 1418 ἀν-

258 1453 368 1522 δρί,
409 1447 470 1515 ὃς
507 1447 726 1520 ἡγεῖταί
761 1451 819 1505 οἱ
845 1449 1294 1523 παρεσκευάσθαι
1331 1449 1435 1521 τὴν
1467 1449 1727 1506 διάνοιαν
1759 1448 1940 1522 ὥσπερ

256 1539 713 1611 κεκαθαρμένηνῖ
769 1538 936 1594 επάνυ
974 1538 1076 1610 μὲν
1118 1532 1260 1609 οὗν,’
1300 1542 1405 1609 ἔφη
1447 1535 1477 1592 ὁ
1518 1541 1775 1609 Σιμμίας.
1829 1537 1942 1593 εκά-

257 1634 459 1699 θαρσις
498 1626 560 1682 δὲ
599 1623 743 1683 εἶναι
782 1621 891 1699 ἀρα
931 1624 996 1683 ού
1038 1629 1203 1683 τοῦτο
1245 1628 1556 1697 ξυμβαίνει,
1598 1624 1732 1698 ὅπερ
1771 1625 1942 1681 πάλαι

258 1717 318 1771 ἐν
358 1717 432 1791 τῷ
471 1714 620 1791 λόγῳ
659 1717 890 1787 λέγεται,
928 1714 990 1772 τὸ
1031 1719 1281 1788 χωρίζειν
1314 1713 1399 1770 ὅτι
1431 1715 1667 1786 μάλιστα
1699 1712 1807 1770 ἀπὸ
1839 1717 1940 1769 τοῦ

258 1801 508 1875 σώματος
559 1802 662 1876 τὴν
718 1803 902 1876 ψυχὴν
955 1803 1048 1859 καὶ
1107 1805 1293 1858 ἐθίσαι
1347 1799 1522 1873 αὐτὴν
1575 1801 1707 1858 καθ’
1767 1798 1942 1873 αὑτὴν

256 1891 611 1963 πανταχόθεν
674 1894 732 1949 ἐκ
791 1895 892 1948 τοῦ
947 1890 1198 1963 σώματος
1251 1894 1687 1963 συναγείρεσθαί
1731 1911 1790 1946 τε
1849 1889 1942 1945 καὶ

258 1977 650 2050 ἀθροίζεσθαι,
696 1978 790 2034 καὶ
837 1981 1010 2034 οἰκεῖν
1056 1976 1192 2033 κατὰ
1239 1975 1301 2032 τὸ
1351 1975 1594 2033 δυνατὸν
1632 1977 1725 2033 καὶ
1764 1979 1824 2033 ἐν
1863 1980 1938 2052 τῷ
2007 2004 2017 2038 χ

203 2070 369 2123 Βνῦν
416 2066 650 2140 παρόντι
701 2066 794 2122 καὶ
842 2068 901 2123 ἐν
953 2069 1029 2142 τῷ
1077 2069 1259 2122 ἔπειτα
1303 2065 1486 2137 μόνην
1531 2064 1664 2122 καθ’
1703 2068 1711 2137 Ι
1746 2063 1940 2136 αὑτήν,

257 2156 595 2226 ἐκλυομένην
635 2153 817 2228 ὥσπερ
859 2156 917 2210 ἐκ
957 2157 1176 2225 δεσμῶν
1217 2155 1275 2209 ἐκ
1304 2157 1405 2209 τοῦ
1438 2153 1733 2225 σώματος;’
1773 2153 1941 2209 “πάνυ

257 2242 358 2313 μὲν
399 2237 549 2313 οὖν,’
599 2247 720 2314 ἔφη.
798 2240 1030 2298 ροὐκοῦν
1074 2240 1239 2298 τοῦτό
1287 2264 1347 2312 γε
1392 2242 1640 2308 θάνατος
1682 2240 1940 2313 ὀνομάζε-

256 2352 362 2399 ται,
402 2329 559 2395 λύσις
596 2330 688 2384 καὶ
726 2327 1003 2401 χωρισμὸς
1033 2332 1213 2401 ψυχῆς
1245 2327 1351 2384 ἀπὸ
1384 2329 1679 2400 σώματος;’
1720 2328 1941 2385 επαντά-

256 2421 395 2473 πασί
435 2419 543 2487 γε,’
588 2410 625 2488 ἦ
665 2416 716 2472 δ’
762 2416 835 2482 ὅς.
914 2416 1091 2472 ελύειν
1146 2417 1211 2471 δέ
1251 2438 1313 2486 γε
1361 2415 1563 2488 αὐτήν,
1620 2415 1694 2483 ὥς
1739 2439 1940 2488 φαμεν,
2017 2480 2020 2483 ,

255 2508 682 2576 προθυμοῦνται
728 2502 815 2560 ἀεὶ
861 2503 1096 2575 μάλιστα
1134 2503 1225 2558 καὶ
1265 2503 1430 2574 μόνοι
1470 2506 1527 2559 οἱ
1562 2507 1940 2576 φιλοσοφοῦν-

255 2615 342 2659 τες
390 2591 601 2664 ὀρθῶς,
656 2592 748 2646 καὶ
802 2590 864 2647 τὸ
917 2591 1188 2662 μελέτημα
1235 2589 1371 2647 αὐτὸ
1419 2591 1585 2647 τοῦτό
1634 2594 1783 2647 ἐστιν
1827 2595 1940 2648 τῶν

257 2679 614 2753 φιλοσόφων,
666 2679 824 2745 λύσις
862 2680 954 2734 καὶ
993 2678 1270 2751 χωρισμὸς
1306 2683 1485 2752 ψυχῆς
1523 2678 1632 2736 ἀπὸ
1673 2679 1940 2751 σώματος,

256 2767 289 2840 ἢ
347 2768 461 2835 01’5;'
517 2769 825 2838 “φαίνεται.’
905 2764 1160 2837 “ούκοῦν,
1223 2765 1356 2839 ὅπερ
1413 2769 1472 2822 ἐν
1535 2765 1676 2840 ἀρχῇ
1732 2771 1941 2838 ἔλεγον,

255 2864 477 2929 γελοῖον
525 2853 595 2911 ἂν
641 2863 725 2926 εἴη
773 2855 955 2928 ἄνδρα
1001 2853 1482 2928 παρασκευάζονθ’
1528 2854 1728 2911 ἑαυτὸν
1767 2856 1828 2911 ἐν
1865 2857 1940 2923 τῷ,
