2020 3198
861 154 1101 199 ΦΑΙΔΩΝ.
1741 155 1810 207 91

131 270 263 342 πρὶν
317 268 568 342 ἀνάγκην
619 270 744 327 τινὰ
805 268 940 336 θεὸς
986 271 1284 344 ἐπιπέμψῃ,
1333 270 1515 343 ὥσπερ
1570 272 1664 327 καὶ
1708 269 1813 343 τὴν

39 385 50 388 ·
130 361 239 414 νῦν
277 355 411 429 ἡμῖν
448 361 781 433 παροῦσαν.’

279 447 401 502 VII.
479 444 643 502 (Ἀλλ’
708 445 906 517 εἰκός,’
969 451 1074 519 ἔφη
1137 445 1167 503 ὅ
1231 448 1440 519 Κέβης,
1505 447 1696 504 ’τοῦτό
1750 469 1814 518 γε

132 538 404 606 φαίνεται.
479 531 512 590 ὃ
565 535 753 606 μέντοι
805 537 914 590 νῦν
969 534 1037 606 δὴ
1095 539 1299 606 ἔλεγες,
1352 535 1416 591 τὸ
1470 534 1601 601 τοὺς
1655 543 1813 607 φιλο-

133 621 345 693 σόφους
383 623 590 696 ῥᾳδίως
620 619 692 679 ἀν
724 624 938 679 ἐθέλειν
970 621 1378 697 ἀποθνῄσκειν,
1419 627 1597 679 ἔοικεν
1627 627 1811 694 τοῦτο,

133 703 176 765 ὦ
201 709 518 783 Σώκρατες,
552 717 559 779 Ι
595 708 800 786 ἀτόπῳ,
826 716 976 784 εἴπερ
1004 708 1034 766 ὃ
1057 714 1166 766 νῦν
1191 709 1261 782 δὴ
1287 711 1545 782 ἐλέγομεν
1570 708 1814 781 εὐλόγως
1830 720 1871 764 D

132 802 266 869 ἔχει,
312 797 375 854 τὸ
419 798 562 854 θεόν
598 819 656 854 τε
701 797 846 854 εἶναι
890 796 990 854 τὸν
1036 798 1470 870 ἐπιμελούμενον
1516 795 1675 868 ἡμῶν
1720 798 1814 853 καὶ

130 883 273 957 ἡμᾶς
310 887 525 942 ἐκείνου
568 885 814 957 αἰτήματα
860 883 1020 942 εἶναι.
1094 885 1156 942 τὸ
1203 885 1311 958 γὰρ
1359 884 1432 957 μὴ
1482 884 1813 956 ἀγανακτεῖν

130 973 261 1040 τοὺς
298 973 754 1047 φρονιμωτάτους
792 976 851 1031 ἐκ
887 974 1089 1045 ταύτης
1133 977 1230 1046 τῆς
1274 979 1575 1047 θεραπείας
1620 973 1814 1030 ἀπιόν-

130 1083 251 1132 τας,
290 1063 352 1118 ἐν
381 1055 420 1134 ᾗ
451 1064 837 1119 ἐπιστατοῦσιν
870 1061 1057 1118 αὐτῶν
1090 1064 1245 1135 οἵπερ
1278 1061 1502 1135 ἄριστοί
1527 1065 1670 1118 εἰσιν
1699 1064 1813 1119 τῶν

133 1148 313 1206 ὄντων
354 1149 658 1221 ἐπιστάται,
697 1154 850 1221 θεοί,
899 1148 1003 1206 οὐκ
1040 1154 1150 1222 ἔχει
1188 1150 1374 1221 λόγον.
1452 1148 1519 1206 οὐ
1556 1149 1664 1222 γάρ
1705 1168 1814 1205 που

133 1237 301 1303 αὐτός
336 1260 400 1310 γε
438 1236 612 1294 αὑτοῦ
653 1245 824 1294 οἴεται
862 1237 1095 1309 ἄμεινον
1127 1237 1556 1309 ἐπιμελήσεσθαι
1595 1237 1813 1293 ἐλεύθε-

132 1347 228 1398 ρος
265 1326 587 1398 γενόμενος·
634 1324 757 1382 ἀλλ’
801 1324 1038 1398 ἀνόητος
1082 1325 1184 1397 μὲν
1230 1325 1532 1399 ἄνθρωπος
1576 1324 1697 1398 τάχ’
1741 1322 1813 1380 ἂν

132 1416 353 1485 οἰηθείη
390 1418 587 1486 ταῦτα,
628 1416 898 1485 φευκτέον
937 1412 1082 1470 εἶναι
1112 1414 1221 1470 ἀπὸ
1253 1417 1354 1470 τοῦ
1393 1415 1682 1485 δεσπότου,
1720 1414 1814 1468 καὶ

133 1499 234 1557 οὐκ
286 1498 359 1558 ἀν
399 1503 409 1575 Ι
449 1507 746 1573 λογίζοιτο,
802 1500 888 1558 ὅτι
942 1501 1010 1558 οὐ
1058 1505 1146 1558 δεῖ
1180 1500 1291 1559 ἀπό
1334 1523 1399 1573 γε
1442 1505 1544 1557 τοῦ
1591 1501 1871 1572 ἀγαθοῦΕ

131 1588 387 1661 φεύγειν,
427 1587 549 1645 ἀλλ’
594 1588 678 1646 ὅτι
709 1589 945 1661 μάλιστα
982 1589 1342 1662 παραμένειν,
1382 1588 1471 1646 διὸ
1510 1589 1815 1661 ἀλογίστως

68 1729 86 1734 -
131 1675 204 1733 ἂν
254 1677 475 1750 φεύγοι·
530 1675 560 1733 ὁ
617 1677 680 1734 δὲ
733 1681 874 1734 νοῦν
929 1682 1070 1749 ἔχων
1125 1680 1395 1749 ἐπιθυμοῖ
1445 1697 1554 1734 που
1608 1677 1680 1734 ἂν
1726 1677 1814 1734 ἀεὶ

132 1763 276 1822 εἶναι
313 1764 461 1837 παρὰ
499 1768 574 1841 τῷ
617 1764 790 1822 αὑτοῦ
829 1771 1086 1836 βελτίονι.
1146 1770 1326 1823 καίτοι
1365 1764 1564 1837 οὕτως,
1605 1761 1647 1823 ὦ
1688 1765 1814 1822 Σώ-

131 1876 348 1926 κρατες,
386 1852 720 1910 τούναντίον
759 1852 904 1913 εἶναι
949 1853 1095 1920 εἰκὸς
1139 1851 1174 1925 ἢ
1224 1851 1255 1910 ὂ
1301 1858 1410 1910 νῦν
1458 1854 1528 1926 δὴ
1577 1855 1811 1925 ἐλέγετο·

131 1941 263 2008 τοὺς
308 1941 409 2012 μὲν
454 1940 563 2014 γὰρ
610 1946 920 2015 φρονίμους
966 1939 1295 2011 ἀγανακτεῖν
1350 1940 1814 2015 ἀποθνήσκοντας

132 2031 348 2102 πρέπει,
402 2028 534 2095 τοὺς
587 2028 638 2085 δ’
697 2029 951 2103 ἄφρονας
1003 2031 1258 2102 χαίρειν.’
1320 2028 1563 2096 ἀκούσας
1621 2022 1726 2085 οὖν
1781 2027 1811 2085 ὁ

133 2117 435 2189 Σωκράτης
485 2114 740 2188 ἡσθῆναί
787 2117 851 2172 τέ
899 2138 994 2188 μοι
1047 2118 1200 2183 ἔδοξε
1252 2120 1318 2189 τῇ
1372 2120 1473 2173 τοῦ
1516 2124 1523 2185 Ι
1566 2119 1814 2188 Κέβητος
1831 2131 1885 2172 63

132 2209 498 2279 πραγματείᾳ,
542 2204 636 2260 καὶ
683 2205 977 2275 ἐπιβλέψας
1014 2208 1093 2270 εἰς
1130 2203 1297 2276 ἡμᾶς·
1352 2203 1474 2261 (ἀεί
1507 2207 1645 2277 τοι,’
1687 2210 1811 2276 ἔφη,

135 2291 191 2349 ‘6
231 2294 416 2364 Κέβης
444 2291 647 2363 λόγους
675 2291 831 2358 τινὰς
861 2291 1153 2366 ἀνερευνᾷ,
1189 2293 1282 2348 καὶ
1315 2290 1384 2349 οὐ
1415 2292 1564 2349 πάνυ
1602 2293 1815 2360 εὐθέως

135 2381 314 2436 ἐθέλει
365 2383 688 2452 πεύθεσθαι,
745 2378 830 2436 ὅτι
883 2379 955 2436 ἄν
999 2402 1081 2445 τις
1126 2382 1286 2453 εἵπῃῖ
1330 2382 1423 2437 καὶ
1470 2380 1500 2438 ὁ
1548 2386 1813 2454 Σιμμίας·

136 2465 301 2523 ’ἀλλά
342 2468 498 2539 μήν,’
539 2471 663 2540 ἔφη,
704 2461 775 2524 ‘03
814 2467 1131 2540 Σώκρατες,
1177 2471 1287 2524 νῦν
1331 2470 1399 2539 γέ
1433 2492 1527 2540 μοι
1567 2474 1727 2525 δοκεῖ
1760 2491 1813 2525 τι

135 2555 227 2610 καὶ
264 2553 411 2630 αὐτῷ
451 2556 631 2626 λέγειν
670 2556 874 2626 Κέβης
912 2559 970 2610 τί
1002 2554 1110 2628 γὰρ
1143 2551 1216 2610 ἀν
1246 2556 1580 2627 βουλόμενοι
1612 2557 1813 2630 ἄνδρες

136 2641 304 2713 σοφοὶ
342 2639 417 2707 ὥς
454 2641 679 2713 ἀληθῶς
718 2644 986 2708 δεσπότας
1022 2641 1284 2714 ἀμείνους
1322 2642 1509 2700 αὐτῶν
1548 2644 1812 2715 φεύγοιεν

135 2730 225 2785 καὶ
257 2730 463 2803 ῥᾳδίως
494 2726 926 2787 ἀπαλλάττοιντο
959 2728 1171 2798 αὐτῶν;
1202 2735 1300 2786 καί
1326 2753 1420 2802 μοι
1453 2735 1609 2787 δοκεῖ·
1627 2733 1812 2802 Κέβης

136 2821 212 2882 εἰς
266 2816 327 2872 σὲ
379 2820 579 2872 τείνειν
631 2815 732 2872 τὸν
785 2817 982 2888 λόγον,
1030 2816 1114 2874 ὅτι
1169 2816 1313 2873 οὕτω
1367 2819 1574 2892 ῥαδίως
1626 2819 1812 2891 φέρεις
