2020 3198
347 670 877 734 ΑΠΟΛΟΓΙΑ
932 669 1557 732 ΣΩΚΡΑΤΟΥΣ.
1794 668 1883 752 35}

785 781 1123 853 [ἠθικός]

258 975 300 1031 I.
362 973 477 1030 Ὅτι
524 974 624 1046 μὲν
671 972 851 1045 ὑμεῖς,
899 966 943 1028 ῶ
990 971 1192 1045 ἄνδρες
1233 970 1550 1043 Ἀθηναῖοι,
1596 973 1853 1027 πεπόν-Α

115 1071 251 1118 θατε
303 1060 412 1118 ὑπὸ
464 1066 577 1118 τῶν
635 1064 783 1133 ἐμῶν
827 1061 1179 1132 κατηγόρων,
1236 1058 1337 1115 οὐκ
1385 1058 1533 1115 οἶδα·
1587 1057 1692 1130 ἐγῶ
1741 1057 1792 1113 δ’

115 1143 220 1206 οὖν
266 1150 358 1205 καὶ
406 1147 573 1214 αὐτὸς
617 1147 714 1204 ὑπ’
769 1147 956 1204 αὐτῶν
1005 1147 1198 1218 ὀλίγου
1247 1150 1486 1218 ἐμαυτοῦ
1534 1145 1800 1203 ἐπελαθό-

114 1255 244 1310 μην·
303 1235 447 1293 οὕτω
501 1241 756 1303 πιθανῶς
809 1241 1016 1308 ἔλεγον.
1091 1240 1272 1291 καίτοι
1326 1233 1532 1306 ἀληθές
1584 1258 1671 1306 γε,
1727 1232 1802 1300 ὡς

115 1330 243 1390 ἔπος
281 1330 482 1396 εἰπεῖν,
531 1324 699 1381 οὐδὲν
747 1324 1049 1397 εἰρήκασιν.
1125 1323 1360 1395 μάλιστα
1412 1323 1475 1379 δὲ
1513 1321 1699 1379 αὐτῶν
1738 1324 1800 1378 ἓν

115 1413 409 1485 ἐθαύμασα
453 1415 566 1469 τῶν
612 1415 834 1468 πολλῶν
881 1405 963 1467 ῶν
1020 1410 1354 1482 ἐψεύσαντο,
1407 1414 1599 1481 τοῦτο,
1648 1411 1727 1466 ἐν’
1756 1403 1799 1484 ᾧ

118 1507 332 1572 ἔλεγον,
381 1499 454 1568 ῶς
491 1500 594 1573 χρὴ
635 1499 779 1571 ὑμᾶς
817 1497 1208 1570 εὐλαβεῖσθαι,
1256 1497 1328 1571 μὴ
1368 1496 1462 1554 ὑπ’
1508 1500 1644 1569 ἐμοῦ
1685 1501 1800 1565 ἐξα-

115 1593 398 1660 πατηθῆτε
429 1587 503 1655 ῶς
534 1591 725 1644 δεινοῦ
760 1588 766 1662 Ι
795 1586 955 1653 ὄντος
985 1588 1180 1658 λέγειν.
1241 1586 1303 1642 τὸ
1336 1585 1444 1658 γὰρ
1478 1584 1551 1657 μὴ
1578 1589 1852 1657 αἰσχυν-Β

115 1679 315 1748 θῆναι,
371 1676 456 1732 ὅτι
507 1675 702 1732 αὐτίκα
750 1673 845 1731 ὑπ’
901 1676 1037 1746 ἐμοῦ
1095 1673 1590 1746 ἐξελεγχθήσονται
1640 1678 1801 1748 ἔργῳ,

117 1763 341 1821 ἐπειδὰν
373 1763 500 1836 μηδ’
531 1763 846 1820 ὁπωστιοῦν
878 1768 1166 1835 φαίνωμαι
1197 1762 1381 1828 δεινὸς
1413 1763 1612 1832 λέγειν,
1636 1760 1801 1816 τοῦτό

116 1874 211 1924 μοι
249 1853 438 1919 ἔδοξεν
478 1850 663 1908 αὐτῶν
709 1850 1217 1923 ἀναισχυντότατον
1267 1847 1437 1918 εἶναι,
1485 1851 1536 1903 εἰ
1580 1848 1652 1919 μὴ
1695 1847 1803 1921 ἄρα

117 1938 307 1996 δεινὸν
358 1943 629 1996 καλοῦσιν
684 1932 841 1996 οὗτοι
894 1940 1075 2010 λέγειν
1123 1938 1225 1994 τὸν
1278 1936 1497 2008 τάληθῆ
1549 1937 1802 2006 λέγοντα·

117 2031 167 2083 εἰ
204 2026 305 2098 μὲν
344 2026 451 2098 γὰρ
490 2030 653 2082 τοῦτο
693 2027 978 2097 λέγουσιν,
1027 2024 1366 2097 ὁμολογοίήν
1413 2021 1485 2079 ἂν
1525 2028 1696 2094 ἔγωγε
1735 2022 1803 2078 οὐ

119 2114 253 2171 κατὰ
306 2113 540 2178 τούτους
592 2111 736 2169 εἶναι
789 2113 988 2185 ῥήτωρ.
1067 2106 1222 2168 οὗτοι
1276 2112 1378 2183 μὲν
1435 2105 1563 2183 οὖν,
1620 2109 1801 2183 ὥσπερ

119 2203 224 2273 ἐγώ
265 2202 431 2272 λέγω,
480 2200 515 2271 ἥ
553 2222 605 2256 τι
643 2198 678 2272 ἢ
727 2199 895 2257 οὐδὲν
942 2199 1148 2270 ἄληθες
1194 2199 1503 2272 εἰρήκασιν·
1550 2196 1707 2270 ὑμεῖς
1746 2197 1797 2254 δ’

119 2293 255 2360 ἐμοῦ
294 2288 605 2346 ἀκούσεσθε
643 2292 827 2344 πᾶσαν
871 2287 976 2360 τὴν
1023 2287 1312 2358 ἀλήθειαν.
1390 2285 1458 2343 ού
1498 2287 1688 2357 μέντοι
1726 2285 1800 2357 μα

119 2382 251 2448 Δία,
283 2370 327 2433 ὦ
361 2376 562 2450 ἄνδρες
587 2376 895 2447 Ἀθηναῖοι,
926 2377 1455 2447 κεκαλλιεπημένους
1485 2395 1547 2445 γε
1582 2373 1801 2445 λόγους,

119 2462 301 2538 ὥσπερ
342 2467 399 2521 οἱ
433 2463 666 2534 τούτων,
707 2464 919 2535 ῥήμασί
951 2485 1009 2520 τε
1046 2463 1139 2519 καὶ
1179 2462 1453 2534 ὀνόμασιν
1494 2459 1627 2517 οὐδὲ
1674 2460 1680 2534 Ι
1722 2483 1802 2516 κε-

118 2554 524 2623 κοσμημένους,
595 2549 734 2607 ἀλλὰ
795 2550 1108 2608 ἀκούσεσθε
1174 2554 1291 2623 εἰκῇ
1355 2549 1625 2621 λεγόμενα
1686 2559 1851 2614 rotgo

121 2642 477 2712 ἐπιτυχοῦσιν
532 2638 825 2710 ὀνόμασιν·
881 2638 1119 2695 πιστεύω
1173 2638 1280 2711 γὰρ
1338 2642 1523 2693 δίκαια
1578 2634 1720 2692 εἶναι
1767 2660 1800 2691 α

119 2727 287 2797 λέγω,
342 2726 434 2781 καὶ
480 2726 670 2798 μηδεὶς
723 2724 882 2797 ὑμῶν
928 2725 1362 2799 προσδοκησατω
1411 2724 1613 2790 ἄλλως·
1670 2723 1803 2779 ούὸε

18 2811 36 2842 ε

16 2846 72 3198 ¹
119 2812 226 2883 γὰρ
279 2836 350 2868 αν
406 2812 587 2884 δήπου
640 2815 861 2884 πρέποι,
925 2807 967 2869 ῶ
1023 2812 1248 2885 ανδρες,
1310 2815 1442 2883 τῇδε
1495 2815 1561 2883 τῇ
1616 2810 1802 2885 ἡλικίᾳ
