2020 3198
267 180 295 231 1
305 179 373 232 72
943 181 1280 225 ΠΛΑΤΩΝΟΣ

262 308 396 368 τοῖς,
438 297 849 369 δειπνήσαντάς·
873 319 931 355 τε
961 299 1055 354 καὶ
1085 298 1313 363 πιόντας
1345 291 1408 355 εὖ
1440 298 1606 370 μάλα,
1643 299 1737 354 καὶ
1769 300 1948 371 ξυγγε-

263 387 536 457 νομένους
565 385 618 458 γ’
657 388 840 452 ἐνίους
872 379 953 443 ὦν
985 384 1057 442 ἂν
1088 386 1330 459 τύχωσιν
1363 389 1778 459 ἐπιθυμοῦντες.
1810 385 1948 444 ἀλλὰ

263 474 438 546 μηδὲν
494 476 737 546 ἐπείγου·
792 478 872 530 ἔτι
909 474 1018 546 γὰρ
1067 477 1328 548 ἐγχωρεῖῖ
1403 475 1497 531 καὶ
1542 473 1573 531 ὁ
1621 475 1950 549 Σωκράτης·

264 562 509 630 τεἰκότως
545 564 653 635 γε,’
701 567 833 635 ἔφη,
882 556 944 619 *ὦ
985 567 1238 635 Κρίτων,
1287 565 1495 619 ἐκεῖνοί
1527 584 1586 618 τε
1622 566 1794 620 ταῦτα
1830 584 1948 621 ποι-

264 654 454 723 οῦσιν,
503 649 601 717 οὓς
652 650 723 708 σύ
770 653 971 723 λέγεις,
1020 658 1234 708 οἴονται
1281 651 1388 723 γὰρ
1427 655 1740 724 κερδαίνειν
1778 655 1949 709 ταῦτα

262 738 616 810 ποιήσαντες,
678 739 772 795 καὶ
833 743 1004 811 ἔγωγε
1064 742 1238 795 ταῦτα
1300 739 1524 805 εἰκότως
1586 737 1654 796 οὐ
1714 740 1948 812 ποιήσω·

176 826 433 884 117οὐδὲν
486 827 594 900 γὰρ
652 825 805 899 οἶμαι
856 832 1169 901 κερδαίνειν
1211 835 1219 896 Ι
1262 827 1456 900 ὀλίγον
1516 827 1753 901 ὕστερον
1805 829 1949 886 πιὼν

262 915 399 972 ἄλλο
439 938 503 988 γε
542 912 577 988 ἢ
617 917 828 987 γέλωτα
868 916 1138 989 ὀφλήσειν
1177 915 1307 989 παρ’
1353 919 1587 993 ἐμαυτῷ,
1626 917 1948 990 γλιχόμενος

261 1007 362 1060 τοῦ
418 1007 514 1076 ζῆν
567 1004 661 1060 καὶ
714 1004 1047 1077 φειδόμενος
1093 1001 1326 1070 οὐδενὸς
1379 1009 1458 1060 ἔτι
1505 1004 1742 1072 ἐνόντος.
1820 1003 1943 1061 ἀλλ’

263 1094 386 1163 ἰ’θι,’
428 1097 553 1164 ἔφη,
595 1094 788 1149 επιθοῦ
827 1093 919 1148 καὶ
959 1091 1032 1164 μὴ
1072 1091 1253 1158 ἄλλως
1290 1094 1470 1150 ποίει.’

408 1183 599 1237 LXVI.
668 1181 781 1236 Καὶ
831 1179 861 1237 ὁ
901 1185 1127 1254 Κρίτων
1168 1180 1413 1246 ἀκούσας
1451 1184 1641 1237 ἔνευσε
1678 1184 1752 1258 τῷ
1790 1184 1947 1238 παιδὶ

260 1274 498 1341 πλησίον
538 1270 745 1326 ἑστῶτι.
805 1269 897 1324 καὶ
938 1267 966 1325 ὁ
1006 1281 1134 1336 παῖς
1174 1269 1415 1337 ἐξελθών
1455 1269 1546 1325 καὶ
1580 1269 1791 1342 συχνὸν
1821 1270 1945 1344 χρό-

261 1380 365 1414 νον
412 1362 704 1431 διατρίψας
758 1350 890 1429 ἦκεν
946 1357 1099 1428 ἄγων
1152 1358 1253 1415 τὸν
1300 1360 1571 1430 μέλλοντα
1617 1357 1840 1414 διδόναι
1885 1358 1946 1416 τὸ

260 1446 576 1520 φάρμακον,
617 1449 678 1503 ἐν
707 1445 890 1502 κύλικι
930 1448 1173 1518 φέροντα
1210 1448 1595 1520 τετριμμένον·
1636 1445 1774 1504 ἰδών
1814 1447 1876 1504 δὲ
1915 1446 1944 1504 ὁ

260 1535 566 1608 Σωκράτης
610 1533 710 1590 τὸν
758 1533 1087 1607 ἄνθρωπον·
1144 1533 1322 1606 “εἶεν,’
1379 1541 1510 1607 ἔφη,
1566 1529 1631 1591 ‘03
1685 1536 1945 1607 βέλτιστε,

260 1622 329 1678 σὺ
384 1622 489 1696 γὰρ
544 1622 760 1679 τούτων
817 1621 1158 1694 ἐπιστήμων,
1211 1627 1269 1678 τί
1316 1622 1420 1695 χρὴ
1476 1625 1702 1690 ποιεῖν;’
1757 1622 1947 1680 εοὐδὲν

259 1710 441 1782 ἄλλο,’
498 1715 630 1783 ἔφη,
693 1707 746 1782 εἢ
801 1710 999 1767 πιόντα
1052 1713 1348 1783 περιιέναι,
1411 1712 1513 1777 ἕως
1566 1709 1637 1766 ἄν
1691 1727 1796 1768 σου
1848 1711 1943 1782 βά-

203 1807 355 1873 Βρος
402 1801 463 1857 ἐν
515 1810 632 1866 τοῖς
687 1800 901 1855 σκέλεσι
950 1804 957 1869 Ι
1009 1800 1257 1871 γένηται,
1321 1803 1503 1855 ἔπειτα
1562 1807 1944 1855 κατακεῖσθαι’

255 1889 348 1944 καὶ
403 1887 580 1953 οὕτως
634 1886 770 1944 αὐτὸ
826 1887 1081 1960 ποιήσει.’
1157 1887 1250 1943 καὶ
1306 1885 1419 1958 ἅμα
1473 1884 1641 1960 ὤρεξε
1693 1886 1797 1959 τὴν
1849 1887 1943 1944 κύ-

257 1982 383 2032 λικα
421 1980 496 2053 τῷ
538 1976 848 2047 Σωκράτει·
895 1976 987 2032 καὶ
1027 1973 1087 2043 ὃς
1125 1974 1315 2047 λαβὼν
1353 1975 1446 2031 καὶ
1485 1974 1631 2046 μάλα
1670 1977 1852 2047 ἵλεως,
1900 1970 1943 2033 ὦ
2012 2051 2017 2053 -

253 2062 591 2138 Ἐχέκρατες,
649 2063 818 2121 οὐδὲν
864 2065 1059 2138 τρέσας
1110 2063 1243 2121 οὐδὲ
1291 2068 1625 2136 διαφθείρας
1671 2062 1798 2120 οὔτε
1842 2068 1943 2120 τοῦ

257 2151 545 2224 χρώματος
592 2151 720 2209 οὔτε
765 2156 865 2208 τοῦ
911 2153 1241 2224 προσώπου,
1297 2151 1449 2223 ἀλλ’,
1505 2150 1687 2225 ὥσπερ
1735 2151 1942 2219 εἰώθει,

257 2239 543 2312 ταυρηδὸν
582 2238 900 2311 ὑποβλέψας
938 2239 1075 2313 πρὸς
1112 2239 1211 2297 τὸν
1252 2240 1580 2313 ἄνθρωπον·
1622 2243 1698 2296 ετί
1730 2241 1943 2312 λέγεις,’

257 2329 393 2397 ἔφη,
447 2327 590 2399 (περὶ
643 2331 809 2383 τοῦδε
861 2331 962 2383 τοῦ
1016 2327 1273 2398 πώματος
1318 2327 1458 2400 πρὸς
1502 2327 1564 2382 τὸ
1613 2325 1945 2384 ἀποσπεῖσαί

255 2435 393 2479 τινι;
450 2414 658 2479 ἔξεστιν
712 2413 745 2486 ἢ
794 2413 908 2481 οὔ;’
958 2415 1297 2485 *τοσοῦτονξ
1349 2419 1480 2485 ἔφη,
1529 2407 1591 2470 ‘113
1631 2414 1944 2488 Σώκρατες,

254 2504 544 2572 τρίβομεν,
593 2498 730 2557 ὅσον
778 2501 1017 2572 οἰόμεθα
1064 2503 1289 2573 μέτριον
1337 2500 1481 2558 εἶναι
1530 2504 1711 2559 πιεῖν.’
1789 2504 1941 2574 ‘pav-

202 2588 464 2659 Οθάνω,’
512 2582 547 2660 ἦ
597 2586 649 2643 δ’
701 2587 782 2655 ὅς·
831 2588 973 2645 “οΞλλ’
1025 2588 1295 2662 εὔχεσθαί
1335 2590 1402 2662 γε’
1443 2610 1552 2646 που
1597 2602 1711 2656 τοῖς
1744 2597 1753 2660 Ι
1785 2598 1941 2657 θεοῖς

255 2678 432 2744 ἔξεστί
465 2696 523 2731 τε
562 2675 654 2729 καὶ
693 2674 815 2747 χρή,
857 2674 958 2747 τὴν
998 2680 1316 2747 μετοίκησιν
1355 2675 1458 2748 τὴν
1499 2678 1732 2734 ἐνθένδε
1771 2681 1940 2735 ἐκεῖσε

253 2762 455 2835 εὐτυχῆ
501 2763 787 2834 γενέσθαι·
837 2759 872 2819 ἃ
926 2761 995 2835 δὴ
1042 2764 1134 2819 καὶ
1181 2762 1287 2835 ἐγώ
1335 2763 1570 2837 εὔχομαί
1613 2788 1672 2823 τε
1717 2767 1810 2823 καὶ
1854 2769 1939 2839 γε’-

252 2872 406 2909 νοιτο
454 2849 659 2924 ταύτῃ.’
736 2851 828 2907 καὶ
875 2849 968 2922 ἅμ’
1022 2850 1195 2909 εἰπων
1240 2855 1413 2908 ταῦτα
1453 2854 1810 2927 ἐπισχόμενος
1846 2855 1939 2911 καὶ
2002 2843 2003 2846 ¹
