2020 3198
215 144 317 198 148
885 146 1222 191 ΠΛΑΤῼΝΟΣ

212 278 303 318 σοι
358 265 599 336 ξυνδοκῇ
656 261 839 335 ὥσπερ
888 264 1023 334 ἐμοί.
1101 267 1358 334 φαίνεται
1411 262 1518 336 γάρ
1573 285 1693 335 μοι,
1749 269 1806 320 εἴ
1845 267 1902 319 τί

212 352 362 406 ἐστιν
401 349 537 407 ἄλλο
583 351 758 407 καλὸν
804 349 948 422 πλὴν
996 349 1133 406 αὐτὸ
1181 350 1243 407 τὸ
1282 350 1486 422 καλόν,
1534 349 1669 408 οὐδὲ
1716 349 1792 407 δι’
1835 354 1898 408 ἓν

211 437 346 495 ἄλλο
385 438 559 496 καλὸν
599 437 743 496 εἶναι
781 436 815 510 ἢ
865 439 1009 495 διότι
1055 439 1265 511 μετέχει
1304 440 1521 495 ἐκείνου
1557 442 1659 495 τοῦ
1699 442 1897 495 καλοῦ·

210 528 303 582 καὶ
348 526 530 583 πάντα
577 529 645 599 δὴ
695 525 870 593 οὕτως
917 527 1072 599 λέγω.
1148 530 1213 600 τῇ
1263 530 1454 599 τοιᾷδε
1499 530 1648 602 αἰτίᾳ
1692 543 1900 600 συγχω-

212 617 369 687 ρεῖς;’
426 617 759 688 ’συγχωρῶξ
815 619 969 687 ἔφη»
1018 614 1107 672 ὀὐ
1160 617 1399 686 τοίνυν,’
1454 609 1489 687 ἦ
1545 614 1597 670 δ’
1657 613 1744 688 ὅς,
1799 619 1898 672 ξἔτι

211 701 486 772 μανθάνω
534 701 668 758 οὐδὲ
715 701 960 774 δύναμαι
1005 702 1103 768 τὰς
1147 701 1319 768 ἄλλας
1365 707 1542 768 αἰτίας
1585 703 1683 770 τὰς
1720 703 1899 777 σοφὰς

209 789 413 856 ταύτας
461 789 813 861 γιγνώσκειν·
862 789 985 846 ἀλλ’
1039 789 1138 846 ἐάν
1190 795 1274 857 τίς
1326 812 1421 862 μοι
1474 792 1632 865 λέγῃ,
1686 791 1762 849 δι’
1813 791 1898 849 ὅτι

152 877 384 934 Βκαλόν
426 881 575 935 ἐστιν
617 876 831 948 ὁτιοῦν,
869 875 904 950 ἢ
944 882 1138 951 χρῶμα
1177 877 1414 946 εὐανθὲς
1447 885 1455 947 Ι
1490 884 1618 951 ἔχον
1649 876 1685 952 ἢ
1718 884 1899 954 σχῆμα

210 963 245 1037 ἢ
294 965 429 1022 ἄλλο
480 964 672 1022 ὁτιοῦν
717 969 829 1022 τῶν
874 966 1171 1038 τοιούτων,
1225 965 1291 1022 τὰ
1347 966 1448 1039 μὲν
1496 967 1636 1024 ἄλλα
1684 974 1898 1042 χαίρειν

212 1057 310 1126 ἐῶ,
357 1054 695 1127 ταράττομαι
741 1054 848 1126 γὰρ
896 1057 956 1111 ἐν
1002 1065 1118 1121 τοῖς
1164 1053 1354 1121 ἄλλοις
1401 1059 1562 1127 πᾶσι,
1615 1060 1780 1113 τοῦτο
1836 1057 1899 1114 δὲ

213 1142 399 1211 ἁπλῶς
429 1145 521 1199 καὶ
553 1143 793 1215 ἀτέχνως
822 1144 914 1199 καὶ
947 1150 1078 1208 ἴσως
1110 1141 1331 1214 εὐήθως
1362 1148 1466 1215 ἔχω
1497 1143 1627 1215 παρ’
1663 1147 1897 1221 ἐμαυτῷ,

213 1230 300 1288 ὅτι
346 1230 448 1288 οὐκ
494 1231 630 1287 ἄλλο
679 1253 731 1288 τι
775 1242 926 1288 ποιεῖ
968 1229 1105 1286 αὐτὸ
1152 1231 1326 1287 καλὸν
1372 1229 1407 1303 ἢ
1454 1230 1489 1303 ἡ
1537 1235 1752 1289 ἐκείνου
1795 1235 1897 1289 τοῦ

211 1324 385 1376 καλοῦ
427 1327 534 1376 εἴτε
571 1325 850 1392 παρουσία
899 1326 1006 1375 εἴτε
1043 1324 1313 1375 κοινωνία
1352 1324 1504 1390 [εἴτε]
1549 1319 1656 1395 ὅπῃ
1697 1319 1765 1393 δὴ
1805 1321 1898 1378 καὶ

213 1406 361 1475 ὅπως
399 1409 836 1481 προσγενομένη·
886 1406 953 1463 οὐ
1000 1406 1106 1480 γὰρ
1155 1412 1233 1463 ἔτι
1270 1411 1434 1463 τοῦτο
1476 1412 1897 1482 διισχυρίζομαι,

212 1494 335 1552 ἄλλ’
396 1495 480 1552 ὅτι
534 1500 609 1571 τῷ
671 1499 820 1572 καλῷ
883 1494 1064 1551 πάντα
1123 1495 1190 1550 τὰ
1251 1495 1390 1551 καλὰ
1446 1500 1692 1567 γίγνεται
1741 1498 1898 1554 καλά.

210 1587 373 1639 τοῦτο
413 1584 519 1656 γάρ
567 1606 663 1656 μοι
711 1587 866 1639 δοκεῖ
908 1582 1325 1655 ἀσφαλέστατον
1364 1581 1508 1639 εἶναι
1550 1585 1642 1639 καὶ
1682 1587 1896 1663 ἐμαυτῷ

211 1670 622 1745 ἀποκρίνασθαι
659 1672 749 1727 καὶ
790 1670 959 1745 ἄλλω,
997 1672 1090 1726 καὶ
1127 1671 1330 1728 τούτου
1362 1671 1623 1743 ἐχόμενος
1653 1672 1893 1746 ἡγοῦμαι

154 1758 315 1816 Εούκ
371 1760 441 1816 ἄν
476 1763 483 1832 1
517 1779 648 1816 ποτε
700 1770 912 1830 πεσεῖν,
967 1758 1088 1827 ἀλλ’
1140 1759 1384 1831 ἀσφαλὲς
1437 1758 1581 1817 εἶναι
1632 1763 1724 1816 καὶ
1775 1762 1897 1833 ἐμοὶ

210 1850 304 1904 καὶ
343 1847 560 1925 ὁτῳοῦν
599 1848 749 1923 ἄλλῳ
787 1847 1216 1921 ἀποκρίνασθαι,
1257 1847 1342 1905 ὅτι
1372 1852 1447 1925 τῷ
1478 1852 1629 1925 καλῷ
1659 1848 1726 1904 τὰ
1756 1847 1897 1905 καλὰ

210 1937 374 1994 καλά·
415 1935 449 2008 ἢ
492 1935 560 1993 οὐ
598 1937 690 1992 καὶ
731 1937 821 1993 σοὶ
862 1939 1058 2005 donet?
1100 1939 1305 1994 (δοκεῖῖ
1379 1939 1489 1994 ‘nal
1528 1938 1749 2010 μεγέθει
1788 1936 1897 2010 ἄρα

210 2025 277 2082 τὰ
318 2025 529 2098 μεγάλα
568 2025 779 2097 μεγάλα
816 2025 905 2081 καὶ
940 2023 1005 2080 τὰ
1040 2030 1202 2096 μείζω
1235 2030 1414 2097 μείζω,
1453 2028 1545 2082 καὶ
1578 2025 1898 2098 σμικρότητι

211 2115 278 2170 τὰ
328 2115 530 2172 ἐλάττω
581 2113 783 2170 ἐλάττω
799 2114 832 2181 ;’
889 2114 1034 2169 (ναίῖ
1112 2110 1266 2168 εοὐδὲ
1320 2112 1390 2169 σὺ
1444 2111 1533 2186 ἄρ’
1584 2110 1656 2169 ἂν
1702 2112 1895 2170 ἀποδέ-

212 2225 353 2274 χοιο,
395 2209 450 2258 εἴ
481 2207 563 2268 τίς
600 2223 727 2257 τινα
767 2205 905 2272 φαίη
946 2201 1135 2272 ἕτερον
1175 2201 1365 2272 ἑτέρου
1394 2204 1460 2274 τῇ
1492 2205 1703 2274 κεφαλῇ
1735 2205 1895 2272 μείζω

128 2288 376 2360 101εἷναι,
414 2289 508 2344 καὶ
545 2288 645 2344 τὸν
686 2288 889 2344 ἐλάττω
928 2292 1003 2361 τῷ
1045 2285 1192 2363 αὐτῷ
1231 2287 1409 2363 τούτῳ
1450 2288 1679 2357 ἐλάττω,
1714 2291 1721 2359 Ι
1756 2287 1895 2344 ἀλλὰ

215 2376 617 2448 διαμαρτύροιο
672 2374 771 2445 ἄν,
824 2374 909 2431 ὅτι
960 2374 1028 2430 σὺ
1080 2374 1181 2445 μὲν
1233 2373 1400 2430 οὐδὲν
1452 2373 1587 2431 ἄλλο
1638 2377 1812 2446 λέγεις
1859 2372 1895 2447 ἢ

215 2463 299 2521 ὅτι
336 2463 399 2520 τὸ
441 2469 627 2534 μεῖζον
675 2466 786 2518 πᾶν
833 2464 1022 2534 ἕτερον
1062 2463 1250 2534 ἑτέρου
1294 2459 1484 2517 οὐδενὶ
1523 2461 1671 2538 ἄλλῳ
1710 2463 1895 2534 μεῖζόν

215 2554 366 2609 ἐστιν
405 2547 439 2621 ἢ
482 2551 730 2621 μεγέθει,
777 2549 869 2605 καὶ
918 2548 1010 2605 διὰ
1049 2553 1213 2605 τοῦτο
1252 2554 1463 2620 μεῖζον,
1511 2549 1603 2605 διὰ
1642 2548 1705 2606 τὸ
1745 2551 1897 2622 μέγε-

214 2650 344 2710 θος,
389 2637 452 2695 τὸ
503 2639 566 2694 δὲ
612 2642 838 2694 ἔλαττον
887 2636 1078 2693 οὐδενὶ
1125 2635 1273 2711 ἄλλῳ
1322 2642 1547 2693 ἔλαττον
1593 2635 1627 2709 ἢ
1674 2639 1897 2712 σμικρό-

215 2749 364 2798 τητι,
419 2726 511 2782 καὶ
568 2724 659 2781 διὰ
714 2728 879 2781 τοῦτο
935 2729 1184 2794 ἔλαττον,
1242 2724 1333 2779 διὰ
1387 2724 1491 2795 τὴν
1546 2726 1894 2799 σμικρότητα,

219 2814 592 2887 φοβούμενος,
641 2811 820 2885 οἶμαι,
869 2812 943 2882 μή
988 2817 1070 2878 τίς
1109 2828 1198 2868 σοι
1237 2815 1487 2879 ἐναντίος
1525 2814 1688 2884 λόγος
1726 2812 1894 2869 άπαν·
