2020 3198
291 183 398 236 196
954 182 1292 224 ΠΛΑΤῼΝΟΣ
1917 186 1978 227 22

290 303 532 372 ὀνόματα
577 310 775 369 κεῖται,
823 300 924 364 ἕως
963 300 1341 371 ἀπεπειράθην
1379 307 1476 369 τῆς
1515 302 1714 369 σοφίας
1751 289 2013 370 ταυτησὶ,

289 394 348 444 τί
381 392 623 458 ποιήσει,
670 392 722 442 εἰ
758 391 864 460 ἄρα
903 389 1095 460 ἀπερεῖ
1129 388 1162 458 ἢ
1203 390 1296 457 οὔ,
1343 388 1376 456 ἣ
1418 387 1539 458 ἐμοὶ
1578 387 1837 458 ἐξαίφνης
1874 396 1982 442 νῦν

219 492 259 535 D
293 477 496 532 οὑτωσὶ
534 477 959 549 προσπέπτωκεν
1000 479 1122 548 ἄρτι
1161 478 1264 531 οὐκ
1302 473 1409 531 οἷδ’
1449 477 1456 545 Ι
1492 476 1715 531 ὁπόθεν.

438 565 609 620 ΕΡΜ.
679 565 790 619 Καὶ
843 563 943 635 μὲν
999 567 1086 634 δή,
1172 562 1214 618 ὦ
1259 566 1574 635 Σώκρατες,
1630 563 1866 633 ἀτεχνῶς
1919 562 1985 633 γέ
2010 610 2015 611 ⁷

292 675 387 724 μοι
450 656 629 717 δοκεῖς
699 655 881 725 ὥσπερ
946 654 1004 707 οἱ
1069 653 1471 716 ἐνθουσιῶντες
1534 651 1794 723 ἐξαίφνης
1853 673 1983 723 χρη-

294 744 551 816 σμῳδεῖν.
2008 802 2011 806 x

440 830 557 884 XV.
618 828 733 882 ΣΩ.
789 828 899 883 Καὶ
931 831 1191 899 αἰτιῶμαί
1216 849 1296 897 γε,
1323 825 1722 899 ὦἙρμόγενες,
1748 819 1984 899 μάλιστα

293 919 468 987 αὐτὴν
495 918 599 971 ἀπὸ
624 918 1004 988 Εὐθύφρονος
1027 925 1128 970 τοῦ
1150 919 1543 988 Προσπαλτίου
1567 916 1979 988 προσπεπτωκέ-
2018 906 2020 908 ’

291 1026 386 1059 ναι
432 1025 540 1075 μοι.
619 1005 798 1059 ἔωθεν
843 1007 949 1076 γὰρ
997 1006 1174 1058 πολλὰ
1220 1005 1368 1077 αὐτῷ
1409 1012 1550 1073 συνῆ
1589 1004 1682 1059 καὶ
1719 1013 1984 1076 παρεῖχον
2013 1068 2020 1079 „

293 1095 359 1147 τὰ
399 1091 523 1148 ὦτα.
600 1095 916 1148 κινδυνεύει
956 1090 1059 1147 οὗν
1098 1093 1415 1147 ἐνθουσιῶν
1455 1094 1522 1147 οὐ
1562 1096 1737 1163 μόνον
1773 1094 1840 1146 τὰ
1873 1090 2018 1147 ὦτά

294 1202 402 1251 μου
457 1182 727 1252 ἐμπλῆσαι
781 1189 877 1251 τῆς
932 1184 1220 1251 δαιμονίας
1274 1184 1500 1252 σοφίας,
1557 1181 1694 1235 ἀλλὰ
1745 1180 1836 1235 καὶ
1889 1188 1986 1250 τῆς

292 1278 472 1341 ψυχῆς
510 1270 859 1340 ἐπειλῆφθαι.
930 1272 1086 1324 δοκεῖ
1122 1265 1224 1323 οὐν
1255 1290 1349 1339 μοι
1379 1277 1579 1340 χρῆναι
1611 1267 1814 1323 οὑτωσὶ
1845 1268 2010 1338 ἡμᾶς.

227 1365 265 1409 Ε
297 1348 545 1427 ποιῆσαν
591 1360 652 1412 τὸ
701 1356 801 1428 μὲν
835 1359 842 1427 Ι
875 1361 1115 1429 τήμερον
1161 1355 1303 1412 εἶναι
1349 1360 1664 1429 χρήσασθαι
1710 1358 1847 1429 αὐτῇ
1893 1357 1994 1429 καὶῗ

293 1448 361 1500 τὰ
415 1448 578 1499 λοιπά
631 1446 756 1516 περὶ
811 1455 922 1499 τῶν
971 1447 1258 1516 ὀνομάτων
1304 1445 1730 1515 ἐπισκέψασθαι,
1786 1446 1985 1517 αὔριον

297 1533 382 1603 δέ,
427 1533 496 1587 ἂν
534 1533 625 1587 καὶ
663 1535 796 1603 ὑμῖν
835 1535 1100 1604 ξυνδοκῇ,
1142 1534 1748 1604 ἀποδιοπομπησόμεθά
1791 1553 1850 1588 τε
1888 1533 1984 1587 αὐ·

295 1623 397 1690 τὴν
449 1621 541 1675 καὶ
600 1623 1003 1693 καθαρούμεθα
1065 1621 1377 1691 ἐξευρόντες
1438 1623 1587 1685 ὅστις
1639 1624 1705 1676 τὰ
1757 1630 1984 1676 τοιαῦτα

179 1723 264 1763 397
298 1711 480 1773 δεινὸς
520 1712 836 1782 καθαίρειν,
883 1715 990 1764 εἴτε
1035 1720 1146 1763 τῶν
1195 1708 1385 1780 ἱερέων
1431 1729 1513 1773 τις
1547 1711 1555 1779 1
1589 1715 1695 1764 εἴτε
1742 1721 1853 1764 τῶν
1892 1725 1984 1764 σο-

297 1808 527 1868 φιστῶν.
637 1850 639 1852 ,

444 1886 610 1968 ΕΡΜ.
699 1884 840 1940 Ἀλλ’
902 1886 1007 1955 ἐγὼ
1062 1907 1162 1956 μεν
1217 1886 1501 1957 ξυγχωρῶ·
1555 1886 1703 1939 πάνυ
1755 1887 1860 1956 γὰρ
1915 1884 2005 1939 ἂν

295 1968 471 2044 ἡδέως
507 1976 575 2029 τὰ
609 1974 869 2028 ἐπίλοιπα
907 1973 1031 2045 περὶ
1070 1983 1180 2028 τῶν
1221 1974 1508 2043 ὀνομάτων
1548 1972 1855 2043 ἀκούσαιμι.
1992 1972 2016 2031 ῑὲ,

446 2062 563 2117 ΣΩ
635 2060 796 2115 Ἀλλά
834 2063 937 2132 χρὴ
978 2062 1121 2115 οὕτω
1161 2071 1357 2116 ποιεῖν.
1435 2063 1612 2114 πόθεν
1651 2053 1756 2115 οὖν
1794 2013 2020 2130 βούλει-ξ

298 2151 591 2222 ἀρξώμεθα
647 2153 1101 2219 διασκοποῦντες,
1157 2150 1448 2220 ἐπειδήπερ
1503 2151 1580 2213 εἰς
1633 2150 1808 2202 τύπον
1861 2139 2013 2202 τινάἷ

298 2239 690 2309 ἐμβεβήκαμεν,
734 2240 828 2293 ἵνα
867 2239 1119 2308 εἰδῶμεν,
1159 2240 1211 2292 εἰ
1247 2240 1352 2309 ἄρα
1389 2237 1522 2307 ἡμῖν
1561 2236 1994 2306 ἐπιμαρτυρήσει,

298 2327 437 2380 αὐτὰ
482 2329 549 2380 τὰ
596 2328 838 2396 ὀνόματα
877 2328 949 2396 μὴ
989 2328 1136 2380 πάνυ
1175 2326 1279 2379 ἀπὸ
1319 2332 1420 2378 τοῦ
1460 2324 1771 2392 αὐτομάτου
1811 2322 1985 2386 οὕτως

298 2414 497 2468 ἕκαστα
535 2420 773 2483 κεῖσθαι,
815 2411 933 2467 ἀλλ’
978 2416 1122 2482 ἔχειν
1156 2414 1281 2465 τινὰ
1313 2412 1611 2481 ὀρθότητα;
1651 2410 1718 2461 τὰ
1749 2406 1849 2477 μὲν
1881 2404 2011 2474 οὖν,

231 2517 268 2560 Β
303 2501 309 2574 Ι
351 2511 462 2555 τῶν
508 2501 707 2572 ἡρώων
752 2499 842 2555 καὶ
890 2500 1205 2570 ἀνθρώπων
1252 2500 1519 2567 λεγόμενα
1566 2496 1807 2565 ὀνόματα
1854 2501 1985 2560 ἴσως

298 2588 368 2644 ἂν
412 2589 552 2659 ἡμᾶς
599 2589 996 2657 ἐξαπατήσειεν.
1075 2589 1250 2641 πολλὰ
1297 2584 1397 2656 μὲν
1444 2587 1548 2656 γὰρ
1589 2585 1772 2639 αὐτῶν
1812 2595 1986 2640 κεῖται

295 2679 434 2744 κατὰ
493 2679 785 2747 προγόνων
846 2676 1182 2745 ἐπωνυμίας,
1245 2672 1412 2728 οὐδὲν
1464 2680 1745 2744 προσῆκον
1799 2672 1984 2742 ἐνίοις,

299 2767 481 2836 ὥσπερ
516 2763 632 2819 κατ’
672 2765 839 2835 ἀρχὰς
871 2763 1145 2833 ἐλέγομεν,
1184 2763 1360 2817 πολλὰ
1393 2759 1454 2815 δὲ
1486 2762 1668 2833 ὥσπερ
1699 2761 1987 2831 εὐχόμενοι

298 2857 570 2922 τίθενται,
629 2846 750 2907 οἷον
797 2852 1113 2922 Εὐτυχίδην
1158 2850 1250 2905 καὶ
1298 2852 1524 2904 Σωσίαν
1568 2847 1660 2903 καὶ
1708 2841 1991 2918 Θεόφιλον
