2020 3198
130 167 188 208 31
803 147 1144 208 ΙξΡΑΤΤΛοΣ.
1705 161 1814 214 205

131 281 261 354 τέρα
298 282 515 352 Τηθύν·
557 278 708 352 οἶμαι
748 279 808 336 δὲ
845 281 937 336 καὶ
968 280 1240 346 (Ησίοδος.
1311 281 1456 350 λέγει
1497 280 1562 334 δέ
1587 297 1696 335 που
1726 279 1817 335 καὶ

54 375 66 379 ’
126 370 357 442 Ὀρφεὺς
395 371 479 424 ὅτι

237 455 491 522 Ὠκεανὸς
529 468 742 529 πρῶτος
778 460 1105 529 καλλίρροος
1142 455 1271 528 ἦρξε
1309 459 1534 527 γάμοιο,

246 545 252 618 Ι
288 547 348 610 ὅς
387 547 456 618 ρ”α
493 549 829 616 κασιγνήτην
869 546 1182 616 ὁμομήτορα
1228 549 1422 615 Τηθὺν
1462 548 1666 600 ὄπυιεν.
1848 557 1880 601 C

131 633 282 688 ταῦτ’
328 630 431 688 οὗν
470 637 661 689 σκόπει
702 635 784 688 ὅτι
821 633 914 688 καὶ
954 634 1211 703 ἀλλήλοις
1243 644 1534 704 συμφωνεῖ
1560 633 1651 688 καὶ
1682 635 1818 705 πρὸς

130 724 197 776 τὰ
235 731 336 777 τοῦ
367 721 723 794 Ἡρακλείτου
761 723 938 776 πάντα
976 725 1155 776 τείνει.

279 811 444 865 ΕΡΜ.
520 813 714 865 Φαίνει
745 813 803 863 τί
829 830 923 880 μοι
954 809 1152 879 λέγειν,
1187 807 1229 863 ὦ
1253 811 1567 880 Σώκρατες·
1599 812 1660 864 τὸ
1693 810 1817 880 μέν-

130 918 217 954 τοι
254 907 349 969 τῆς
394 900 615 968 Τηθύος
655 899 757 953 οὐκ
795 899 968 952 ἐννοῶ
1009 900 1183 967 ὄνομα
1223 901 1281 951 τί
1312 899 1582 967 βούλεται.

282 987 397 1040 ΣΩ.
470 985 631 1041 Ἀλλὰ
676 988 785 1056 μὴν
832 989 996 1040 τοῦτό
1043 1006 1105 1054 γε
1144 986 1337 1054 ὀλίγου
1376 987 1509 1039 αὐτὸ
1549 986 1694 1055 λέγει
1734 987 1817 1039 ὅτι

131 1083 308 1145 πηγῆς
339 1077 514 1145 ὄνομα
538 1074 1004 1146 ἐπικεκρυμμένον
1028 1074 1191 1128 ἐστίν.
1230 1077 1292 1128 τὸ
1316 1076 1421 1145 γὰρ
1448 1075 1818 1143 διαττώμενον

130 1164 224 1218 καὶ
260 1166 322 1219 τὸ
359 1165 679 1233 ἠθούμενον
716 1161 720 1234 Ι
756 1170 932 1231 πηγῆς
964 1162 1269 1231 ἀπείκασμά
1301 1161 1471 1215 ἐστιν·
1512 1162 1570 1215 ἐκ
1603 1159 1662 1215 δὲ
1693 1163 1817 1216 τού-
1850 1172 1889 1215 D

130 1272 243 1306 των
276 1250 603 1324 ἀμφοτέρων
638 1260 749 1305 τῶν
782 1251 1068 1320 ὀνομάτων
1099 1251 1132 1319 ἡ
1173 1253 1362 1320 Τηθὺς
1392 1252 1453 1304 τὸ
1487 1252 1661 1320 ὄνομα
1694 1249 1818 1318 ξύγ-

131 1361 316 1395 κειται.

280 1428 444 1482 ΕΡΜ.
530 1431 705 1481 Τοῦτο
747 1427 872 1496 μέν,
913 1423 955 1480 ὦ
996 1428 1311 1497 Σώκρατες,
1350 1429 1580 1496 κομψόν.

282 1516 399 1570 ΣΩ.
482 1519 551 1568 Τί
593 1511 643 1569 δ’
696 1516 763 1569 οὐ
810 1514 1015 1585 μέλλει;
1066 1515 1203 1568 ἀλλὰ
1248 1518 1306 1568 τί
1344 1516 1405 1568 τὸ
1454 1516 1585 1584 μετὰ
1627 1522 1813 1579 τοῦτο;

131 1607 230 1659 τὸν
268 1602 368 1674 μὲν
406 1606 518 1657 Δία
557 1609 795 1673 εἴπομεν.

278 1692 443 1745 ΕΡΜ.
522 1695 650 1745 Ναί.

281 1779 397 1833 ΣΩ.
482 1783 624 1842 Τοὺς
670 1780 944 1848 ἀδελφοὺς
989 1779 1057 1847 δὴ
1098 1779 1269 1832 αὐτοῦ
1310 1777 1578 1848 λέγωμεν,
1624 1782 1722 1832 τόν
1759 1798 1816 1833 τε

135 1870 389 1922 Ποσειδῶ
442 1866 534 1920 καὶ
586 1869 684 1920 τὸν
733 1868 1041 1921 Πλούτωνα
1086 1866 1176 1920 καὶ
1222 1866 1283 1919 τό
1332 1866 1519 1937 ἕτερον
1566 1868 1740 1936 ὄνομα
1786 1867 1815 1921 ὃ

135 1956 500 2026 ὀνομάζουσιν
539 1955 722 2008 αὐτόν.

280 2042 444 2096 ΕΡΜ.
523 2043 689 2095 Πάνυ
726 2061 802 2110 γε.

283 2130 398 2183 ΣΩ.
468 2131 541 2183 Τὸ
575 2127 675 2199 μὲν
705 2132 898 2183 τοίνυν
928 2137 1028 2183 τοῦ
1054 2131 1408 2193 Ποσειδῶνός
1438 2150 1532 2198 μοι
1563 2132 1817 2199 φαίνεται

136 2220 460 2288 ὠνομάσθαι
496 2218 603 2271 ὑπὸ
641 2225 741 2271 τοῦ
779 2218 999 2287 πρώτου
1039 2218 1430 2287 ὀνομάσαντος,
1471 2218 1553 2270 ὅτι
1595 2215 1600 2288 Ι
1644 2218 1813 2271 αὐτὸν
1844 2227 1880 2271 Ε

134 2309 425 2376 βαδίζοντα
476 2306 700 2375 ἐπέσχεν
745 2305 778 2374 ἡ
826 2313 920 2373 τῆς
966 2307 1242 2373 θαλάττης
1287 2307 1455 2374 φύσις
1499 2304 1590 2359 καὶ
1635 2305 1817 2360 οὐκέτι

135 2401 318 2449 εἰάσεν
354 2399 668 2466 προελθεῖν,
710 2389 828 2447 ἀλλ’
866 2394 1046 2463 ὥσπερ
1080 2394 1277 2462 δεσμὸς
1307 2403 1418 2447 τῶν
1450 2395 1638 2447 ποδῶν
1670 2394 1816 2465 αὐτῷ

136 2481 365 2551 ἐγένετο.
434 2485 532 2537 τὸν
571 2478 674 2536 οὖν
714 2483 950 2552 ἄρχοντα
988 2488 1083 2550 τῆς
1123 2482 1407 2551 δυνάμεως
1443 2483 1643 2551 ταύτης
1680 2484 1818 2535 θεὸν

137 2571 421 2639 ὠνόμασεν
471 2572 821 2638 Ποσειδῶνα,
877 2570 950 2633 ὡς
995 2571 1331 2639 ποσίδεσμον
1375 2571 1529 2623 ὄντα·
1576 2571 1637 2622 τὸ
1686 2567 1746 2622 δὲ
1792 2589 1817 2621 ε

137 2658 371 2725 ἔγκειται
409 2663 537 2720 ἴσως
569 2658 890 2728 εὐπρεπείας
921 2656 1094 2711 ἕνεκα.
1163 2658 1299 2726 τάχα
1331 2655 1391 2711 δὲ
1423 2658 1524 2710 οὐκ
1556 2656 1624 2709 ὀὲν
1654 2664 1816 2709 τοῦτο
1871 2700 1873 2704 .

137 2744 306 2813 λέγοι,
348 2741 465 2797 ἀλλ’
511 2744 631 2798 ἀντὶ
667 2753 767 2799 τοῦ
807 2754 973 2814 σῖγμα
1014 2746 1114 2798 δύο
1155 2746 1332 2814 λάβδα
1362 2746 1423 2797 τὸ
1455 2754 1674 2813 πρῶτον
1706 2743 1817 2797 ἐλέ-

136 2852 280 2902 γετο,
322 2833 394 2896 ὡς
432 2833 606 2885 πολλὰ
641 2831 647 2904 Ι
683 2834 891 2895 εἰδότος
930 2840 1029 2886 τοῦ
1068 2837 1222 2885 θεοῦ.
1303 2838 1432 2894 ἴσως
1473 2829 1532 2884 δὲ
1572 2831 1677 2884 ἀπὸ
1716 2838 1815 2884 τοῦ
1876 2841 1961 2882 403
