2020 3198
64 188 121 228 21
642 211 645 214 -
744 184 1085 227 ΚΡΑΤΤΛΟΣ.
1646 182 1753 235 195

66 302 424 372 ἀνετράπετο,
479 300 571 356 καὶ
624 304 1007 370 τελευτήσαντι
1060 301 1120 355 ἐν
1154 300 1348 356 ’Ἁιδου
1394 302 1427 370 ἡ
1475 299 1614 372 ὑπὲρ
1658 308 1753 370 τῆς

35 416 47 420 -
64 395 307 460 κεφαλῆς
329 398 430 444 τοῦ
454 393 624 444 λίθου
646 392 936 443 τανταλειά
970 388 977 460 Ι
1010 395 1346 459 θαυμαστῶς
1363 391 1435 453 ὡς
1453 392 1751 459 σύμφωνος
1781 392 1819 437 Ε

64 486 142 552 τῷ
175 479 425 548 ὀνόματι·
456 477 548 531 καὶ
579 478 815 547 ἀτεχνῶς
846 479 1043 546 ἔοικεν,
1076 479 1258 548 ὥσπερ
1288 478 1357 531 ἂν
1381 484 1534 541 εἴτις
1557 481 1754 546 βουλό-

65 586 231 636 μενος
268 567 606 619 ταλάντατον
645 566 916 634 ὀνομάσαι
952 565 1434 635 ἀποκρυπτόμενος
1467 566 1754 634 ὀνομάσειε

65 654 158 708 καὶ
189 660 334 708 εἴποι
366 651 481 707 ἀντ’
520 653 734 729 ἐκείνου
772 654 1074 721 Τάνταλον,
1105 657 1361 707 τοιοῦτόν
1388 673 1441 706 τι
1463 652 1555 706 καὶ
1578 655 1753 726 τούτῳ

65 744 127 796 τὸ
160 743 334 811 ὄνομα
365 743 542 794 ἔοικεν
573 740 860 810 ἐκπορίσαι
889 740 924 808 ἡ
955 741 1090 810 τύχη
1121 747 1216 808 τῆς
1241 743 1437 810 φήμης.
1501 744 1755 811 φαίνεται

68 827 129 884 δὲ
167 829 259 883 καὶ
295 836 371 901 τῷ
411 827 575 899 πατρὶ
614 829 786 882 αὐτοῦ
827 828 1102 901 λεγομένῳ
1134 836 1210 901 τῷ
1242 828 1342 881 Διὶ
1373 830 1662 896 παγκάλως
1692 831 1753 883 τὸ

68 919 242 987 ὄνομα
276 915 283 987 1
316 922 558 970 κεῖσθαι·
583 918 698 970 ἔστι
725 914 784 970 δὲ
809 917 877 970 οὐ
898 917 1096 988 ῥᾴδιον
1112 925 1462 985 κατανοῆσαι.
1518 917 1755 987 ἀτεχνῶς

67 1006 172 1075 γάρ
213 1004 362 1058 ἐστιν
402 998 524 1058 οἷον
562 1006 725 1071 λόγος
762 1006 824 1057 τὸ
856 1012 956 1058 τοῦ
987 1006 1126 1067 Διὸς
1158 1006 1355 1073 ὄνομα·
1389 1007 1663 1068 διελόντες
1694 1004 1755 1059 δὲ

68 1093 202 1146 αὐτὸ
243 1095 368 1163 διχῇ
405 1094 464 1146 οἱ
491 1090 590 1161 μὲν
620 1100 695 1165 τῷ
729 1091 892 1164 ἑτέρῳ
926 1092 1094 1162 μέρει,
1136 1093 1194 1146 οὗ
1223 1090 1284 1145 δὲ
1314 1100 1389 1165 τῷ
1422 1092 1585 1165 ἑτέρῳ
1616 1094 1756 1163 χρώ-

69 1186 236 1250 μεθα·
288 1183 346 1234 οἱ
389 1177 488 1249 μὲν
534 1181 638 1249 γὰρ
689 1183 865 1248 Ζῆνα,
922 1181 980 1234 οὗ
1022 1178 1083 1234 δὲ
1127 1183 1242 1234 Δία
1287 1185 1578 1234 καλοῦσιν·
1626 1195 1756 1234 συν-

68 1267 329 1336 τιθέμενα
377 1265 427 1320 δ’
479 1269 557 1329 είς
603 1267 663 1318 ἓν
711 1268 876 1335 δηλοῖ
916 1268 1018 1335 τὴν
1062 1269 1234 1336 φύσιν
1273 1276 1372 1321 τοῦ
1410 1273 1575 1336 θεοῦ,
1615 1268 1644 1321 ὃ
1686 1270 1754 1337 δὴ

70 1358 371 1427 προσήκειν
417 1351 600 1424 φαμὲν
646 1354 873 1422 ὀνόματι
921 1356 1019 1427 οἵῳ
1063 1375 1119 1408 τε
1159 1352 1301 1408 εἶναι
1341 1355 1756 1425 ἀπεργάζεσθαι.

70 1447 138 1499 οὐ
184 1447 290 1515 γὰρ
336 1446 486 1497 ἔστιν
530 1443 663 1511 ἡμῖν
707 1441 799 1495 καὶ
836 1451 951 1505 τοϊς
989 1444 1176 1506 ἄλλοις
1214 1452 1382 1497 πᾶσιν
1422 1445 1570 1507 ὅστις
1608 1444 1758 1498 ἐστὶν

71 1538 244 1596 αἴτιος
282 1535 492 1602 μᾶλλον
529 1537 630 1583 τοῦ
671 1532 765 1597 ζῆν
803 1529 837 1598 ἢ
871 1530 900 1584 ὁ
934 1532 1118 1600 ἄρχων
1148 1551 1204 1584 τε
1235 1530 1327 1584 καὶ
1358 1535 1617 1599 βασιλεὺς
1645 1542 1758 1586 τῶν

1787 924 1873 964 396

70 1622 305 1674 πάντων.
383 1620 672 1688 συμβαίνει
715 1613 818 1671 οὗν
857 1618 1042 1688 ὀρθῶς
1076 1623 1083 1683 Ι
1118 1619 1486 1688 ὀνομάζεσθαι
1525 1616 1687 1684 οὗτος
1725 1621 1753 1674 ὁ
1784 1628 1823 1673 Β

69 1710 202 1772 θεὸς
247 1705 414 1775 εἶναι,
462 1704 534 1760 δι’
587 1705 653 1759 ὃν
701 1709 795 1774 ζῆν
843 1705 927 1759 ἀεὶ
972 1715 1106 1760 πᾶσι
1151 1716 1266 1769 τοῖς
1311 1710 1473 1771 ζῶσιν
1511 1709 1758 1779 ὑπάρχει.

72 1799 378 1865 διείληπται
418 1792 478 1847 δὲ
518 1796 668 1863 δίχα,
716 1794 897 1863 ὥσπερ
938 1793 1103 1862 λέγω,
1144 1794 1205 1847 ἓν
1245 1794 1310 1847 ὃν
1348 1797 1410 1848 τὸ
1451 1797 1643 1865 ὄνομα,
1681 1802 1756 1868 τῷ

70 1883 170 1937 Διὶ
206 1883 298 1937 καὶ
335 1890 410 1954 τῷ
451 1885 604 1949 Ζηνί.
673 1889 873 1935 τοῦτον
914 1879 975 1935 δὲ
1013 1884 1239 1951 Κρόνου
1269 1883 1396 1935 υἱὸν
1428 1879 1571 1936 εἶναι
1601 1884 1757 1954 ὑβρι-

73 1975 259 2027 στικὸν
306 1970 405 2041 μὲν
452 1972 521 2023 ἄν
567 1990 648 2032 τις
696 1970 906 2034 δόξειεν
951 1967 1094 2023 εἶναι
1141 1971 1440 2024 ἀκούσαντι
1478 1971 1756 2041 ἐξαίφνης,

0 2094 2 2135 3
72 2063 306 2129 εὔλογον
330 2058 424 2126 δέ,
450 2059 705 2127 >μεγάλης·
742 2060 892 2121 τινὸς
932 2060 1180 2122 διανοίας
1219 2061 1450 2126 ἔκγονον
1488 2056 1630 2112 εἶναι
1659 2061 1758 2112 τὸν

0 2139 2 2216 ξ
74 2152 207 2201 Δία·
251 2150 419 2216 κόρον
457 2147 562 2215 γὰρ
604 2148 856 2215 σημαίνει
895 2146 962 2199 οὐ
1001 2148 1190 2214 παῖδα,
1232 2147 1368 2200 ἀλλὰ
1406 2149 1467 2200 τὸ
1507 2149 1757 2216 καθαρὸν

75 2237 246 2290 αὐτοῦ
283 2235 374 2289 καὶ
414 2236 689 2306 ἀκήρατον
727 2244 827 2289 τοῦ
866 2244 983 2290 νοῦ.
1055 2238 1170 2290 ἔστι
1210 2234 1270 2289 δὲ
1303 2233 1463 2299 οὗτος
1498 2237 1757 2306 Οὐρανοῦ

74 2325 218 2392 υἱός,
265 2325 338 2387 ὡς
384 2327 568 2392 λόγος·
614 2324 647 2392 ἡ
697 2321 757 2377 δὲ
804 2321 874 2377 αὖ
921 2324 975 2387 ἐς
1016 2326 1077 2377 τὸ
1119 2326 1231 2377 ἄνω
1272 2326 1396 2387 ὄψις
1435 2329 1611 2386 καλῶς
1649 2326 1757 2393 ἔχει

73 2420 236 2465 τοῦτο
282 2413 344 2465 τὸ
392 2413 566 2481 ὄνομα
603 2416 918 2479 καλεῖσθαι,
955 2416 961 2477 Ι
997 2413 1255 2482 οὐρανία,
1297 2412 1480 2481 ὁρῶσα
1518 2414 1584 2464 τὰ
1623 2414 1755 2480 ἄνω,

78 2499 213 2551 ’ὅθεν
257 2500 324 2566 δὴ
363 2502 460 2551 καί
494 2514 683 2568 φασιν,
724 2496 766 2552 ὦ
799 2498 1145 2568 Ἑρμόγενες,
1192 2501 1290 2552 τὸν
1328 2501 1579 2569 καθαρὸν
1617 2508 1756 2553 νοῦν

77 2588 515 2655 παραγίγνεσθαι
555 2587 612 2639 οὗ
639 2590 1052 2657 μετεωρολόγοι,
1092 2586 1183 2641 καὶ
1213 2596 1286 2659 τῷ
1321 2588 1539 2659 οὐρανῷ
1573 2587 1756 2656 ὀρθῶς

78 2675 138 2726 τὸ
186 2674 360 2742 ὄνομα
404 2679 646 2726 κεῖσθαι’
693 2676 744 2727 εί
788 2673 838 2727 δ’
885 2675 1198 2744 ἐμεμνήμην
1235 2677 1336 2743 τὴν
1369 2674 1632 2728 “Ησιόδου
1670 2695 1756 2749 γε·

78 2764 395 2829 νεαλογίαν,
450 2763 602 2824 τίνας
654 2764 732 2814 ἔτι
781 2766 911 2825 τοὺς
957 2763 1208 2832 ἀνωτέρω
1256 2767 1566 2831 προγόνους
1611 2762 1756 2829 λέγει

78 2850 307 2917 τούτων,
345 2849 445 2902 οὐκ
477 2847 545 2901 ἂν
578 2848 858 2919 ἐπαυόμην
890 2851 1122 2917 διεξιών,
1156 2851 1228 2913 ὡς
1259 2851 1442 2919 ὀρθῶς
1474 2851 1659 2912 αὐτοῖς
1689 2851 1754 2901 τὰ

1438 2931 1513 2989 123*
