2020 3198
817 150 1058 195 ΦΑΙΔΩΝ.
1670 151 1773 204 117

94 271 195 324 τοῦ
243 268 518 340 σώματος,
565 265 628 324 τὸ
677 266 752 323 δι’
796 267 1117 338 αἰσθήσεων
1163 278 1389 324 σκοπεῖν
1434 289 1487 323 τι
1526 301 1615 340 -,
1653 267 1778 325 τότε

32 397 43 400 -
95 357 197 428 μὲν
237 359 447 413 ἕλκεται
490 354 600 411 ὑπὸ
645 358 746 410 τοῦ
795 355 1046 426 σώματος
1091 359 1171 422 εἰς
1214 355 1280 411 τὰ
1329 354 1595 413 οὐδέποτε
1638 354 1778 412 κατὰ

93 445 264 501 ταύτὰ
306 449 526 518 ἔχοντα,
571 444 664 499 καὶ
709 441 849 514 αὐτὴ
887 445 1161 499 πλανᾶται
1198 443 1292 499 καὶ
1329 444 1648 516 ταράττεται
1684 444 1778 499 καὶ

96 537 304 606 ἰλιγγιᾷ
344 531 526 604 ὥσπερ
567 531 882 603 μεθύουσα,
934 529 1030 587 ἅτε
1066 532 1339 588 τοιούτων
1379 532 1729 603 ἐφαπτομένη
1742 533 1776 598 ;’

97 623 263 678 ’πάνυ
315 623 412 692 γε’
499 619 654 676 τὅταν
709 620 774 675 δέ
823 641 886 690 γε
940 617 1078 691 αὐτὴ
1131 618 1263 675 καθ’
1302 620 1311 694 Ι
1353 618 1530 691 αὐτὴν
1584 622 1835 692 σκοπῇ,1)

96 713 268 766 ἐκεῖσε
309 716 514 782 οἴχεται
553 712 631 774 εἰς
667 707 731 764 τὸ
770 707 1028 780 καθαρόν
1065 729 1124 764 τε
1160 708 1253 763 καὶ
1293 706 1379 764 ἀεὶ
1411 705 1479 764 ὂν
1512 707 1606 762 καὶ
1636 705 1779 762 ἀθά-

94 820 266 854 νατον
296 798 389 853 καὶ
421 795 684 862 ὡσαύτως
715 800 860 868 ἕχον,
891 796 985 851 καὶ
1024 795 1098 862 ὡς
1129 795 1399 867 συγγενὴς
1429 790 1572 852 οὖσα
1604 793 1779 850 αὐτοῦ

96 884 183 942 ἀεὶ
213 882 328 956 μετ’
365 887 580 941 ἐκείνου
610 906 668 939 τε
698 889 962 955 γίγνεται,
995 883 1232 957 ὅτανπερ
1265 883 1404 955 αὐτὴ
1433 881 1566 939 καθ’
1602 880 1779 952 αὑτὴν

97 974 320 1045 γένηται
364 973 458 1029 καὶ
505 973 596 1045 ε’ξῇ
645 970 811 1045 αὐτῇ,
857 972 952 1027 καὶ
997 973 1272 1028 πέπαυταί
1312 994 1371 1028 τε
1414 974 1516 1027 τοῦ
1562 969 1780 1026 πλάνου

96 1064 188 1119 καὶ
234 1063 358 1135 περὶ
414 1064 594 1118 ἐκεῖνα
649 1059 735 1117 ἀεὶ
779 1059 917 1116 κατὰ
967 1059 1139 1116 ταύτὰ
1188 1058 1451 1126 ὡσαύτως
1497 1063 1630 1131 ἔχει,
1685 1055 1780 1113 ἅτε

95 1151 366 1208 τοιούτων
415 1149 785 1221 ἐφαπτομένη·
836 1148 932 1203 καὶ
983 1151 1149 1204 τοῦτο
1205 1147 1376 1219 αὐτῆς
1429 1146 1492 1203 τὸ
1546 1147 1781 1218 πάθημα

98 1238 370 1311 φρόνησις
424 1237 722 1306 κέκληται;’
786 1236 1197 1306 (παντάπασινξ
1253 1240 1384 1307 ἔφη,
1439 1237 1637 1301 ’καλῶς
1688 1235 1781 1290 καὶ

99 1324 285 1396 ἀληθῆ
340 1323 539 1393 λέγεις,
602 1315 644 1377 ὦ
698 1320 1025 1393 Σώκρατες’
1110 1325 1340 1398 εποτέρῳ
1404 1316 1508 1379 οὖν
1563 1316 1636 1379 αὖ
1690 1338 1781 1379 σοι

100 1417 256 1469 δοκεῖ
289 1414 363 1486 τῷ
405 1413 539 1466 εἴδει
576 1408 670 1464 καὶ
709 1410 768 1464 ἐκ
804 1412 917 1465 τῶν
957 1413 1272 1481 ἔμπροσθεν
1310 1411 1404 1466 καὶ
1440 1412 1499 1467 ἐκ
1528 1414 1641 1467 τῶν
1672 1412 1781 1466 νῦν

102 1501 450 1574 Ιλεγομένων
503 1496 650 1569 ψυχὴ
707 1495 1031 1571 ὁμοιότερον
1086 1496 1231 1554 εἶναι
1282 1499 1374 1554 καὶ
1435 1499 1833 1570 ξυγγενέστε-Ε

101 1590 249 1661 ρον;’
297 1589 422 1653 ’πᾶς
467 1584 539 1641 ἄν
585 1608 680 1656 μοι
728 1587 922 1656 δοκεῖ,’
969 1579 1005 1656 ἦ
1053 1584 1104 1641 δ’
1149 1583 1234 1656 ὅς,
1287 1588 1687 1659 “συγχωρῆσαι,
1737 1579 1780 1642 ὦ

102 1676 410 1750 Σώκρατες,
450 1676 509 1730 ἐκ
544 1673 746 1745 ταύτης
776 1676 873 1744 τῆς
904 1673 1173 1744 μεθόδου,
1210 1673 1304 1729 καὶ
1336 1671 1364 1729 ὁ
1400 1675 1783 1745 δυσμαθέστα-

100 1787 210 1836 τος,
250 1763 335 1821 ὅτι
374 1761 484 1838 ὅλῳ
523 1762 615 1817 καὶ
652 1762 817 1817 παντὶ
864 1759 1192 1834 ὁμοιότερόν
1241 1764 1352 1818 ἐστι
1391 1761 1539 1834 ψυχὴ
1578 1765 1654 1836 τῷ
1695 1760 1783 1818 ἀεὶ

103 1851 363 1916 ὡσαύτως
408 1854 589 1922 ἔχοντι
633 1852 844 1921 μᾶλλον
891 1845 925 1920 ἢ
964 1853 1038 1925 τῷ
1079 1848 1189 1921 μή.’
1267 1851 1342 1904 ετί
1376 1849 1439 1905 δὲ
1474 1848 1538 1906 τὸ
1579 1851 1781 1921 σῶμα;’

102 1942 195 2014 ετῷ
236 1939 435 2012 ἕτέρῳ.’
449 1940 451 1942 ’

249 2027 500 2082 XXVIII.
572 2023 727 2097 ε’Ὅρα
766 2021 835 2095 δὴ
874 2024 966 2079 καὶ
1004 2027 1153 2096 τῇδε,
1194 2023 1304 2096 ὅτι,
1344 2024 1568 2081 ἐπειδὰν
1608 2027 1669 2081 ἐν
1706 2027 1782 2101 τῷ

104 2112 252 2190 αὐτῷ
308 2107 411 2169 ὦσι
462 2111 610 2183 ψυχὴ
665 2111 759 2167 καὶ
812 2115 994 2183 σῶμα,
1047 2115 1122 2187 τῷ
1157 2112 1167 2186 Ι
1199 2112 1301 2183 μὲν
1352 2113 1641 2169 δουλεύειν
1690 2114 1782 2168 καὶ
1800 2131 1857 2171 80

104 2201 375 2274 ἄρχεσθαι
404 2198 439 2271 ἡ
472 2199 640 2270 φύσις
670 2198 1012 2270 προστάττει,
1043 2202 1109 2272 τῇ
1150 2199 1212 2255 δὲ
1242 2198 1434 2272 ἄρχειν
1464 2200 1557 2255 καὶ
1589 2200 1784 2256 δεσπό-

106 2295 236 2356 ζειν·
294 2288 386 2344 καὶ
431 2286 568 2343 κατὰ
623 2288 795 2341 ταῦτα
843 2279 914 2341 αὖ
964 2285 1202 2359 πότερόν
1252 2302 1342 2343 σοι
1388 2291 1543 2344 δοκεῖ
1587 2286 1784 2360 ὅμοιον

104 2380 178 2452 τῷ
225 2382 363 2453 θείῳ
414 2374 558 2432 εἶναι
601 2375 694 2430 καὶ
739 2373 976 2446 πότερον
1021 2378 1096 2448 τῷ
1147 2378 1338 2451 θνητῷ
1351 2400 1365 2443 3
1419 2372 1454 2446 ἢ
1510 2375 1578 2431 οὐ
1633 2380 1789 2432 δοκεῖ

105 2482 193 2521 σοι
231 2465 293 2520 τὸ
336 2464 436 2536 μὲν
474 2471 636 2519 θεῖον
677 2457 799 2517 οἷον
840 2461 1029 2534 ἄρχειν
1067 2484 1125 2517 τε
1169 2463 1261 2518 καὶ
1299 2461 1658 2534 ἡγεμονεύειν
1695 2482 1785 2519 πε-

105 2553 366 2624 φυκέναι,
411 2549 473 2607 τὸ
522 2551 584 2606 δὲ
628 2550 844 2621 θνητὸν
890 2549 1168 2623 ἄρχεσθαί
1207 2571 1266 2606 τε
1309 2551 1402 2607 καὶ
1449 2550 1783 2619 δουλεύειν;’

109 2640 345 2711 Ἔμοιγε]
422 2639 651 2711 “ποτε’ρῳ
699 2631 804 2693 οὖν
849 2635 883 2708 ἡ
931 2637 1079 2709 ψυχὴ
1128 2640 1351 2706 ἕοικεν;’
1401 2641 1561 2710 εδῆλα
1600 2639 1696 2710 δή,
1739 2633 1783 2695 ὦ

106 2725 424 2797 Σώκρατες,
474 2722 558 2778 ὅτι
595 2722 630 2793 ἡ
671 2724 771 2794 μὲν
810 2723 956 2795 ψυχὴ
996 2728 1071 2799 τῷ
1111 2729 1272 2798 θείῳ,
1309 2726 1372 2781 τὸ
1415 2726 1476 2782 δὲ
1514 2730 1671 2796 σῶμα
1708 2729 1782 2802 τῷ

104 2814 331 2887 θνητῷ.’
408 2809 618 2866 ςσκόπει
666 2810 782 2880 δή,’
830 2815 961 2881 ἔφη,
1012 2805 1073 2867 ’ὦ
1113 2814 1322 2882 Κέβης,
1369 2816 1421 2868 εἰ
1465 2815 1523 2868 ἐκ
1561 2814 1783 2869 πάντων
