<?xml version="1.0" encoding="UTF-8"?>
<!DOCTYPE html PUBLIC "-//W3C//DTD XHTML 1.0 Transitional//EN"
    "http://www.w3.org/TR/xhtml1/DTD/xhtml1-transitional.dtd">
<html xmlns="http://www.w3.org/1999/xhtml" xml:lang="en" lang="en">
 <head>
  <title>
</title>
<meta http-equiv="Content-Type" content="text/html;charset=utf-8" />
  <meta name='ocr-system' content='tesseract 3.04.00' />
  <meta name='ocr-capabilities' content='ocr_page ocr_carea ocr_par ocr_line ocrx_word'/>
</head>
<body>
  <div class='ocr_page' id='page_1' title='image "./p1dialogisecumdu01platuoft_0109.png"; bbox 0 0 2020 3198; ppageno 0'>
   <div class='ocr_carea' id='block_1_1' title="bbox 543 159 1750 211">
    <p class='ocr_par' dir='ltr' id='par_1_1' title="bbox 543 159 1750 211">
     <span class='ocr_line' id='line_1_1' title="bbox 543 159 1750 211; baseline 0.006 -7"><span class='ocrx_word' id='word_1_1' title='bbox 543 162 862 204; x_wconf 79' lang='lat' dir='ltr'>AnOAomA</span> <span class='ocrx_word' id='word_1_2' title='bbox 892 160 1270 206; x_wconf 73' lang='grc' dir='ltr'><strong>ΣΩΚΡΑΤΟΤΣ.</strong></span> <span class='ocrx_word' id='word_1_3' title='bbox 1679 159 1750 211; x_wconf 82' lang='grc'><em>63</em></span> 
     </span>
    </p>
   </div>
   <div class='ocr_carea' id='block_1_2' title="bbox 0 274 1832 2023">
    <p class='ocr_par' dir='ltr' id='par_1_2' title="bbox 0 274 1755 789">
     <span class='ocr_line' id='line_1_2' title="bbox 74 274 1751 350; baseline -0.001 -17"><span class='ocrx_word' id='word_1_4' title='bbox 74 283 246 333; x_wconf 81' lang='grc' dir='ltr'><em>λεῖται</em></span> <span class='ocrx_word' id='word_1_5' title='bbox 290 276 400 334; x_wconf 85' lang='grc' dir='ltr'><em>ὑπὸ</em></span> <span class='ocrx_word' id='word_1_6' title='bbox 440 281 595 334; x_wconf 79' lang='grc' dir='ltr'><em>θεῶν</em></span> <span class='ocrx_word' id='word_1_7' title='bbox 639 275 706 332; x_wconf 75' lang='grc' dir='ltr'><em>τὰ</em></span> <span class='ocrx_word' id='word_1_8' title='bbox 751 275 953 333; x_wconf 86' lang='grc' dir='ltr'><em>τούτου</em></span> <span class='ocrx_word' id='word_1_9' title='bbox 997 277 1309 350; x_wconf 78' lang='grc' dir='ltr'><em>πράγματα·</em></span> <span class='ocrx_word' id='word_1_10' title='bbox 1357 275 1490 333; x_wconf 74' lang='grc' dir='ltr'><em>οὐδὲ</em></span> <span class='ocrx_word' id='word_1_11' title='bbox 1533 275 1599 332; x_wconf 81' lang='grc' dir='ltr'><em>τὰ</em></span> <span class='ocrx_word' id='word_1_12' title='bbox 1649 274 1751 347; x_wconf 80' lang='grc' dir='ltr'><em>ἐμὰ</em></span> 
     </span>
     <span class='ocr_line' id='line_1_3' title="bbox 0 363 1753 438; baseline -0.002 -16"><span class='ocrx_word' id='word_1_13' title='bbox 0 417 33 438; x_wconf 8' lang='grc' dir='ltr'><em>Ἴ-</em></span> <span class='ocrx_word' id='word_1_14' title='bbox 73 368 182 422; x_wconf 85' lang='grc' dir='ltr'><em>νῦν</em></span> <span class='ocrx_word' id='word_1_15' title='bbox 222 364 331 422; x_wconf 85' lang='grc' dir='ltr'><em>ἀπὸ</em></span> <span class='ocrx_word' id='word_1_16' title='bbox 370 369 470 422; x_wconf 85' lang='grc' dir='ltr'><em>τοῦ</em></span> <span class='ocrx_word' id='word_1_17' title='bbox 503 364 818 436; x_wconf 75' lang='grc' dir='ltr'><em>αὐτομάτου</em></span> <span class='ocrx_word' id='word_1_18' title='bbox 847 365 1103 436; x_wconf 77' lang='grc' dir='ltr'><em>γέγονεν,</em></span> <span class='ocrx_word' id='word_1_19' title='bbox 1136 363 1275 419; x_wconf 90' lang='grc' dir='ltr'><em>ἀλλά</em></span> <span class='ocrx_word' id='word_1_20' title='bbox 1307 385 1401 435; x_wconf 88' lang='grc' dir='ltr'><em>μοι</em></span> <span class='ocrx_word' id='word_1_21' title='bbox 1433 363 1606 435; x_wconf 76' lang='grc' dir='ltr'><em>δῆλόν</em></span> <span class='ocrx_word' id='word_1_22' title='bbox 1640 365 1753 419; x_wconf 81' lang='grc' dir='ltr'><em>ἐστι</em></span> 
     </span>
     <span class='ocr_line' id='line_1_4' title="bbox 74 450 1753 525; baseline -0.001 -17"><span class='ocrx_word' id='word_1_23' title='bbox 74 456 266 525; x_wconf 81' lang='grc' dir='ltr'><em>τοῦτο,</em></span> <span class='ocrx_word' id='word_1_24' title='bbox 315 452 400 510; x_wconf 83' lang='grc' dir='ltr'><em>ὅτι</em></span> <span class='ocrx_word' id='word_1_25' title='bbox 438 453 545 525; x_wconf 80' lang='grc' dir='ltr'><em>ἤδη</em></span> <span class='ocrx_word' id='word_1_26' title='bbox 585 452 854 509; x_wconf 80' lang='grc' dir='ltr'><strong><em>τεθνάναι</em></strong></span> <span class='ocrx_word' id='word_1_27' title='bbox 891 452 985 508; x_wconf 84' lang='grc' dir='ltr'><em>καὶ</em></span> <span class='ocrx_word' id='word_1_28' title='bbox 1023 450 1379 524; x_wconf 76' lang='grc' dir='ltr'><em>ἀπηλλάχθαι</em></span> <span class='ocrx_word' id='word_1_29' title='bbox 1416 451 1753 525; x_wconf 78' lang='grc' dir='ltr'><em>πραγμάτων</em></span> 
     </span>
     <span class='ocr_line' id='line_1_5' title="bbox 75 533 1753 612; baseline -0.001 -16"><span class='ocrx_word' id='word_1_30' title='bbox 75 541 293 611; x_wconf 89' lang='grc' dir='ltr'><em>βέλτιον</em></span> <span class='ocrx_word' id='word_1_31' title='bbox 331 533 404 611; x_wconf 83' lang='grc' dir='ltr'><em>ἦν</em></span> <span class='ocrx_word' id='word_1_32' title='bbox 443 562 552 612; x_wconf 88' lang='grc' dir='ltr'><em>μοι.</em></span> <span class='ocrx_word' id='word_1_33' title='bbox 592 539 684 596; x_wconf 79' lang='grc' dir='ltr'><em>διὰ</em></span> <span class='ocrx_word' id='word_1_34' title='bbox 724 543 888 596; x_wconf 85' lang='grc' dir='ltr'><em>τοῦτο</em></span> <span class='ocrx_word' id='word_1_35' title='bbox 919 538 1012 594; x_wconf 85' lang='grc' dir='ltr'><em>καὶ</em></span> <span class='ocrx_word' id='word_1_36' title='bbox 1044 538 1137 609; x_wconf 73' lang='grc' dir='ltr'><em>ἐμὲ</em></span> <span class='ocrx_word' id='word_1_37' title='bbox 1168 537 1420 610; x_wconf 81' lang='grc' dir='ltr'><em>οὐδαμοῦ</em></span> <span class='ocrx_word' id='word_1_38' title='bbox 1452 539 1753 612; x_wconf 85' lang='grc' dir='ltr'><em>ἀπέτρεψεν</em></span> 
     </span>
     <span class='ocr_line' id='line_1_6' title="bbox 75 626 1755 700; baseline -0.002 -16"><span class='ocrx_word' id='word_1_39' title='bbox 75 627 138 684; x_wconf 88' lang='grc' dir='ltr'><em>τὸ</em></span> <span class='ocrx_word' id='word_1_40' title='bbox 179 639 425 699; x_wconf 82' lang='grc' dir='ltr'><em>σημεῖον,</em></span> <span class='ocrx_word' id='word_1_41' title='bbox 461 628 554 684; x_wconf 87' lang='grc' dir='ltr'><em>καὶ</em></span> <span class='ocrx_word' id='word_1_42' title='bbox 587 632 756 700; x_wconf 80' lang='grc' dir='ltr'><em>ἔγωγε</em></span> <span class='ocrx_word' id='word_1_43' title='bbox 786 638 904 694; x_wconf 80' lang='grc' dir='ltr'><em>τοῖς</em></span> <span class='ocrx_word' id='word_1_44' title='bbox 933 628 1479 699; x_wconf 80' lang='grc' dir='ltr'><em>καταψηφισαμένοις</em></span> <span class='ocrx_word' id='word_1_45' title='bbox 1517 648 1626 698; x_wconf 88' lang='grc' dir='ltr'><em>μου</em></span> <span class='ocrx_word' id='word_1_46' title='bbox 1663 626 1755 682; x_wconf 85' lang='grc' dir='ltr'><em>καὶ</em></span> 
     </span>
     <span class='ocr_line' id='line_1_7' title="bbox 75 713 1754 789; baseline -0.001 -18"><span class='ocrx_word' id='word_1_47' title='bbox 75 727 192 783; x_wconf 83' lang='grc' dir='ltr'><em>τοῖς</em></span> <span class='ocrx_word' id='word_1_48' title='bbox 228 715 558 789; x_wconf 77' lang='grc' dir='ltr'><em>κατηγόροις</em></span> <span class='ocrx_word' id='word_1_49' title='bbox 597 714 665 772; x_wconf 84' lang='grc' dir='ltr'><em>οὐ</em></span> <span class='ocrx_word' id='word_1_50' title='bbox 703 714 856 770; x_wconf 90' lang='grc' dir='ltr'><em>πάνυ</em></span> <span class='ocrx_word' id='word_1_51' title='bbox 893 720 1220 786; x_wconf 82' lang='grc' dir='ltr'><em>χαλεπαίνω.</em></span> <span class='ocrx_word' id='word_1_52' title='bbox 1257 720 1437 771; x_wconf 89' lang='grc' dir='ltr'><em>καίτοι</em></span> <span class='ocrx_word' id='word_1_53' title='bbox 1477 714 1544 771; x_wconf 84' lang='grc' dir='ltr'><em>οὐ</em></span> <span class='ocrx_word' id='word_1_54' title='bbox 1583 713 1754 787; x_wconf 83' lang='grc' dir='ltr'><em>ταύτῃ</em></span> 
     </span>
    </p>

    <p class='ocr_par' dir='ltr' id='par_1_3' title="bbox 14 801 1816 1401">
     <span class='ocr_line' id='line_1_8' title="bbox 14 801 1748 879; baseline -0.001 -20"><span class='ocrx_word' id='word_1_55' title='bbox 14 826 19 830; x_wconf 74' lang='grc'><strong><em>’</em></strong></span> <span class='ocrx_word' id='word_1_56' title='bbox 75 807 142 877; x_wconf 83' lang='grc' dir='ltr'><em>τῇ</em></span> <span class='ocrx_word' id='word_1_57' title='bbox 183 807 406 879; x_wconf 78' lang='grc' dir='ltr'><em>διανοίᾳ</em></span> <span class='ocrx_word' id='word_1_58' title='bbox 442 803 879 875; x_wconf 84' lang='grc' dir='ltr'><em>κατεψηφίζοντό</em></span> <span class='ocrx_word' id='word_1_59' title='bbox 919 826 1028 875; x_wconf 89' lang='grc' dir='ltr'><em>μου</em></span> <span class='ocrx_word' id='word_1_60' title='bbox 1073 804 1165 859; x_wconf 87' lang='grc' dir='ltr'><em>καὶ</em></span> <span class='ocrx_word' id='word_1_61' title='bbox 1209 803 1583 875; x_wconf 80' lang='grc' dir='ltr'><em>κατηγόρουν,</em></span> <span class='ocrx_word' id='word_1_62' title='bbox 1629 801 1748 858; x_wconf 88' lang='grc' dir='ltr'><em>ἀλλ’</em></span> 
     </span>
     <span class='ocr_line' id='line_1_9' title="bbox 79 890 1816 963; baseline -0.002 -15"><span class='ocrx_word' id='word_1_63' title='bbox 79 892 330 963; x_wconf 85' lang='grc' dir='ltr'><em>οἰόμενοι</em></span> <span class='ocrx_word' id='word_1_64' title='bbox 384 891 668 963; x_wconf 84' lang='grc' dir='ltr'><em>βλάπτειν·</em></span> <span class='ocrx_word' id='word_1_65' title='bbox 720 894 884 947; x_wconf 85' lang='grc' dir='ltr'><em>τοῦτο</em></span> <span class='ocrx_word' id='word_1_66' title='bbox 926 896 934 961; x_wconf 95' lang='grc' dir='ltr'>Ι</span> <span class='ocrx_word' id='word_1_67' title='bbox 976 890 1164 958; x_wconf 78' lang='grc' dir='ltr'><em>αὐτοῖς</em></span> <span class='ocrx_word' id='word_1_68' title='bbox 1216 890 1374 959; x_wconf 73' lang='grc' dir='ltr'><em>ἀξιον</em></span> <span class='ocrx_word' id='word_1_69' title='bbox 1426 892 1816 963; x_wconf 82' lang='grc' dir='ltr'><em>μέμφεσθαι.Ε</em></span> 
     </span>
     <span class='ocr_line' id='line_1_10' title="bbox 77 977 1759 1052; baseline -0.002 -16"><span class='ocrx_word' id='word_1_70' title='bbox 77 979 311 1037; x_wconf 87' lang='grc' dir='ltr'><em>τοσόνδε</em></span> <span class='ocrx_word' id='word_1_71' title='bbox 342 981 530 1052; x_wconf 86' lang='grc' dir='ltr'><em>μέντοι</em></span> <span class='ocrx_word' id='word_1_72' title='bbox 560 978 746 1036; x_wconf 77' lang='grc' dir='ltr'><em>αὐτῶν</em></span> <span class='ocrx_word' id='word_1_73' title='bbox 779 982 995 1051; x_wconf 86' lang='grc' dir='ltr'><em>δέομαι·</em></span> <span class='ocrx_word' id='word_1_74' title='bbox 1033 978 1164 1045; x_wconf 83' lang='grc' dir='ltr'><em>τοὺς</em></span> <span class='ocrx_word' id='word_1_75' title='bbox 1193 982 1331 1046; x_wconf 71' lang='grc' dir='ltr'><em>υἱεῖς</em></span> <span class='ocrx_word' id='word_1_76' title='bbox 1362 1002 1495 1051; x_wconf 84' lang='grc' dir='ltr'><em>μου,</em></span> <span class='ocrx_word' id='word_1_77' title='bbox 1535 977 1759 1036; x_wconf 81' lang='grc' dir='ltr'><em>ἐπειδὰν</em></span> 
     </span>
     <span class='ocr_line' id='line_1_11' title="bbox 77 1061 1760 1141; baseline -0.002 -16"><span class='ocrx_word' id='word_1_78' title='bbox 77 1066 346 1141; x_wconf 80' lang='grc' dir='ltr'><em>ἡβήσωσι,</em></span> <span class='ocrx_word' id='word_1_79' title='bbox 376 1067 784 1141; x_wconf 79' lang='grc' dir='ltr'><em>τιμωρήσασθε,</em></span> <span class='ocrx_word' id='word_1_80' title='bbox 817 1061 861 1124; x_wconf 71' lang='grc' dir='ltr'><em>αἶ</em></span> <span class='ocrx_word' id='word_1_81' title='bbox 886 1066 1104 1140; x_wconf 75' lang='grc' dir='ltr'><em>ἄνδρες,</em></span> <span class='ocrx_word' id='word_1_82' title='bbox 1128 1065 1301 1122; x_wconf 80' lang='grc' dir='ltr'><em>ταύτὰ</em></span> <span class='ocrx_word' id='word_1_83' title='bbox 1325 1070 1497 1123; x_wconf 81' lang='grc' dir='ltr'><em>ταῦτα</em></span> <span class='ocrx_word' id='word_1_84' title='bbox 1520 1069 1760 1123; x_wconf 89' lang='grc' dir='ltr'><em>λυποῦν-</em></span> 
     </span>
     <span class='ocr_line' id='line_1_12' title="bbox 79 1150 1757 1229; baseline -0.001 -18"><span class='ocrx_word' id='word_1_85' title='bbox 79 1177 191 1227; x_wconf 89' lang='grc' dir='ltr'><em>τες,</em></span> <span class='ocrx_word' id='word_1_86' title='bbox 246 1155 384 1229; x_wconf 80' lang='grc' dir='ltr'><em>ἅπερ</em></span> <span class='ocrx_word' id='word_1_87' title='bbox 440 1154 544 1226; x_wconf 74' lang='grc' dir='ltr'><em>ἐγὼ</em></span> <span class='ocrx_word' id='word_1_88' title='bbox 597 1153 741 1226; x_wconf 80' lang='grc' dir='ltr'><em>ὑμᾶς</em></span> <span class='ocrx_word' id='word_1_89' title='bbox 788 1154 1056 1225; x_wconf 81' lang='grc' dir='ltr'><em>ἐλύπουν,</em></span> <span class='ocrx_word' id='word_1_90' title='bbox 1107 1154 1204 1211; x_wconf 79' lang='grc' dir='ltr'><em>ἐὰν</em></span> <span class='ocrx_word' id='word_1_91' title='bbox 1253 1152 1388 1226; x_wconf 81' lang='grc' dir='ltr'><em>ὑμῖν</em></span> <span class='ocrx_word' id='word_1_92' title='bbox 1437 1158 1677 1211; x_wconf 76' lang='grc' dir='ltr'><em>δοκῶσιν</em></span> <span class='ocrx_word' id='word_1_93' title='bbox 1722 1150 1757 1225; x_wconf 85' lang='grc' dir='ltr'><em>ἢ</em></span> 
     </span>
     <span class='ocr_line' id='line_1_13' title="bbox 80 1238 1758 1317; baseline -0.002 -17"><span class='ocrx_word' id='word_1_94' title='bbox 80 1243 377 1317; x_wconf 86' lang='grc' dir='ltr'><em>χρημάτων</em></span> <span class='ocrx_word' id='word_1_95' title='bbox 401 1239 436 1314; x_wconf 78' lang='grc' dir='ltr'><em>ἢ</em></span> <span class='ocrx_word' id='word_1_96' title='bbox 462 1242 637 1298; x_wconf 78' lang='grc' dir='ltr'><em>ἄλλον</em></span> <span class='ocrx_word' id='word_1_97' title='bbox 660 1264 761 1298; x_wconf 90' lang='grc' dir='ltr'><em>του</em></span> <span class='ocrx_word' id='word_1_98' title='bbox 785 1241 1058 1315; x_wconf 88' lang='grc' dir='ltr'><em>πρότερον</em></span> <span class='ocrx_word' id='word_1_99' title='bbox 1084 1245 1460 1313; x_wconf 80' lang='grc' dir='ltr'><em>ἐπιμελεῖσθαι</em></span> <span class='ocrx_word' id='word_1_100' title='bbox 1483 1238 1519 1313; x_wconf 82' lang='grc' dir='ltr'><em>ἢ</em></span> <span class='ocrx_word' id='word_1_101' title='bbox 1544 1240 1758 1314; x_wconf 82' lang='grc' dir='ltr'><em>ἀρετῆς,</em></span> 
     </span>
     <span class='ocr_line' id='line_1_14' title="bbox 81 1327 1758 1401; baseline -0.001 -14"><span class='ocrx_word' id='word_1_102' title='bbox 81 1332 175 1387; x_wconf 87' lang='grc' dir='ltr'><em>καὶ</em></span> <span class='ocrx_word' id='word_1_103' title='bbox 207 1330 305 1388; x_wconf 81' lang='grc' dir='ltr'><em>ἐὰν</em></span> <span class='ocrx_word' id='word_1_104' title='bbox 338 1334 551 1387; x_wconf 76' lang='grc' dir='ltr'><em>δοκῶσί</em></span> <span class='ocrx_word' id='word_1_105' title='bbox 576 1351 630 1386; x_wconf 90' lang='grc' dir='ltr'><em>τι</em></span> <span class='ocrx_word' id='word_1_106' title='bbox 661 1328 805 1386; x_wconf 82' lang='grc' dir='ltr'><em>εἶναι</em></span> <span class='ocrx_word' id='word_1_107' title='bbox 830 1330 1003 1401; x_wconf 75' lang='grc' dir='ltr'><em>μηδὲν</em></span> <span class='ocrx_word' id='word_1_108' title='bbox 1028 1328 1206 1401; x_wconf 76' lang='grc' dir='ltr'><em>ὄντες,</em></span> <span class='ocrx_word' id='word_1_109' title='bbox 1240 1329 1527 1397; x_wconf 81' lang='grc' dir='ltr'><em>ὀνειδίζετε</em></span> <span class='ocrx_word' id='word_1_110' title='bbox 1551 1327 1758 1399; x_wconf 81' lang='grc' dir='ltr'><em>αὐτοῖς,</em></span> 
     </span>
    </p>

    <p class='ocr_par' dir='ltr' id='par_1_4' title="bbox 0 1412 1832 2023">
     <span class='ocr_line' id='line_1_15' title="bbox 0 1412 1759 1492; baseline -0.003 -16"><span class='ocrx_word' id='word_1_111' title='bbox 0 1445 5 1451; x_wconf 95' lang='grc'><strong><em>·</em></strong></span> <span class='ocrx_word' id='word_1_112' title='bbox 83 1418 266 1492; x_wconf 71' lang='grc' dir='ltr'><em>ὥσπερ</em></span> <span class='ocrx_word' id='word_1_113' title='bbox 315 1418 419 1490; x_wconf 72' lang='grc' dir='ltr'><em>ἐγώ</em></span> <span class='ocrx_word' id='word_1_114' title='bbox 466 1416 625 1490; x_wconf 81' lang='grc' dir='ltr'><em>ὑμῖν,</em></span> <span class='ocrx_word' id='word_1_115' title='bbox 674 1416 759 1473; x_wconf 77' lang='grc' dir='ltr'><em>ὅτι</em></span> <span class='ocrx_word' id='word_1_116' title='bbox 805 1415 908 1473; x_wconf 86' lang='grc' dir='ltr'><em>οὐκ</em></span> <span class='ocrx_word' id='word_1_117' title='bbox 955 1420 1337 1489; x_wconf 83' lang='grc' dir='ltr'><em>ἐπιμελοῦνται</em></span> <span class='ocrx_word' id='word_1_118' title='bbox 1384 1412 1464 1474; x_wconf 70' lang='grc' dir='ltr'><em>ὧν</em></span> <span class='ocrx_word' id='word_1_119' title='bbox 1513 1421 1621 1488; x_wconf 80' lang='grc' dir='ltr'><em>δεῖ,</em></span> <span class='ocrx_word' id='word_1_120' title='bbox 1667 1416 1759 1472; x_wconf 85' lang='grc' dir='ltr'><em>καὶ</em></span> 
     </span>
     <span class='ocr_line' id='line_1_16' title="bbox 85 1503 1760 1572; baseline -0.002 -9"><span class='ocrx_word' id='word_1_121' title='bbox 85 1512 303 1563; x_wconf 89' lang='grc' dir='ltr'><em>οἰόνταί</em></span> <span class='ocrx_word' id='word_1_122' title='bbox 344 1528 395 1562; x_wconf 93' lang='grc' dir='ltr'><em>τι</em></span> <span class='ocrx_word' id='word_1_123' title='bbox 443 1504 587 1562; x_wconf 84' lang='grc' dir='ltr'><em>εἶναι</em></span> <span class='ocrx_word' id='word_1_124' title='bbox 627 1504 781 1571; x_wconf 77' lang='grc' dir='ltr'><em>ὄντες</em></span> <span class='ocrx_word' id='word_1_125' title='bbox 828 1503 1059 1571; x_wconf 84' lang='grc' dir='ltr'><em>οὐδενὸς</em></span> <span class='ocrx_word' id='word_1_126' title='bbox 1104 1503 1261 1572; x_wconf 74' lang='grc' dir='ltr'><em>ἄξιοι.</em></span> <span class='ocrx_word' id='word_1_127' title='bbox 1307 1505 1399 1561; x_wconf 84' lang='grc' dir='ltr'><em>καὶ</em></span> <span class='ocrx_word' id='word_1_128' title='bbox 1446 1505 1543 1562; x_wconf 79' lang='grc' dir='ltr'><em>ἐὰν</em></span> <span class='ocrx_word' id='word_1_129' title='bbox 1588 1507 1760 1560; x_wconf 82' lang='grc' dir='ltr'><em>ταῦτα</em></span> 
     </span>
     <span class='ocr_line' id='line_1_17' title="bbox 83 1590 1832 1666; baseline -0.001 -15"><span class='ocrx_word' id='word_1_130' title='bbox 83 1598 298 1666; x_wconf 85' lang='grc' dir='ltr'><em>ποιῆτε,</em></span> <span class='ocrx_word' id='word_1_131' title='bbox 339 1597 524 1651; x_wconf 90' lang='grc' dir='ltr'><em>δίκαια</em></span> <span class='ocrx_word' id='word_1_132' title='bbox 558 1600 566 1661; x_wconf 88' lang='grc' dir='ltr'>Ι</span> <span class='ocrx_word' id='word_1_133' title='bbox 599 1592 895 1658; x_wconf 71' lang='grc' dir='ltr'><em>πεπονθώς</em></span> <span class='ocrx_word' id='word_1_134' title='bbox 919 1592 1024 1663; x_wconf 71' lang='grc' dir='ltr'><em>ἐγὼ</em></span> <span class='ocrx_word' id='word_1_135' title='bbox 1051 1597 1244 1664; x_wconf 81' lang='grc' dir='ltr'><em>ἔσομαι</em></span> <span class='ocrx_word' id='word_1_136' title='bbox 1267 1590 1368 1664; x_wconf 79' lang='grc' dir='ltr'><em>ὑφ’</em></span> <span class='ocrx_word' id='word_1_137' title='bbox 1410 1591 1569 1664; x_wconf 81' lang='grc' dir='ltr'><em>ὑμῶν</em></span> <span class='ocrx_word' id='word_1_138' title='bbox 1595 1591 1760 1658; x_wconf 83' lang='grc' dir='ltr'><em>αὐτός</em></span> <span class='ocrx_word' id='word_1_139' title='bbox 1777 1611 1832 1650; x_wconf 80' lang='lat'><em>42</em></span> 
     </span>
     <span class='ocr_line' id='line_1_18' title="bbox 84 1680 1759 1754; baseline -0.002 -15"><span class='ocrx_word' id='word_1_140' title='bbox 84 1706 142 1740; x_wconf 86' lang='grc' dir='ltr'><em>τε</em></span> <span class='ocrx_word' id='word_1_141' title='bbox 178 1684 271 1739; x_wconf 89' lang='grc' dir='ltr'><em>καὶ</em></span> <span class='ocrx_word' id='word_1_142' title='bbox 311 1685 368 1739; x_wconf 77' lang='grc' dir='ltr'><em>οἰ</em></span> <span class='ocrx_word' id='word_1_143' title='bbox 401 1685 551 1748; x_wconf 74' lang='grc' dir='ltr'><em>υἱεῖς.</em></span> <span class='ocrx_word' id='word_1_144' title='bbox 592 1681 727 1738; x_wconf 81' lang='grc' dir='ltr'><em>ἀλλὰ</em></span> <span class='ocrx_word' id='word_1_145' title='bbox 766 1681 873 1754; x_wconf 78' lang='grc' dir='ltr'><em>γὰρ</em></span> <span class='ocrx_word' id='word_1_146' title='bbox 913 1681 1020 1753; x_wconf 79' lang='grc' dir='ltr'><em>ἤδη</em></span> <span class='ocrx_word' id='word_1_147' title='bbox 1062 1680 1179 1754; x_wconf 73' lang='grc' dir='ltr'><em>ὥρα</em></span> <span class='ocrx_word' id='word_1_148' title='bbox 1217 1680 1459 1752; x_wconf 87' lang='grc' dir='ltr'><em>ἀπιέναι,</em></span> <span class='ocrx_word' id='word_1_149' title='bbox 1500 1681 1620 1753; x_wconf 84' lang='grc' dir='ltr'><em>ἐμοὶ</em></span> <span class='ocrx_word' id='word_1_150' title='bbox 1658 1680 1759 1752; x_wconf 76' lang='grc' dir='ltr'><em>μὲν</em></span> 
     </span>
     <span class='ocr_line' id='line_1_19' title="bbox 86 1768 1760 1845; baseline -0.002 -18"><span class='ocrx_word' id='word_1_151' title='bbox 86 1771 558 1845; x_wconf 80' lang='grc' dir='ltr'><em>ἀποθανουμένῳ,</em></span> <span class='ocrx_word' id='word_1_152' title='bbox 612 1768 746 1841; x_wconf 85' lang='grc' dir='ltr'><em>ὑμῖν</em></span> <span class='ocrx_word' id='word_1_153' title='bbox 809 1769 870 1825; x_wconf 77' lang='grc' dir='ltr'><em>δὲ</em></span> <span class='ocrx_word' id='word_1_154' title='bbox 931 1770 1312 1840; x_wconf 85' lang='grc' dir='ltr'><em>βιωσομένοις·</em></span> <span class='ocrx_word' id='word_1_155' title='bbox 1383 1768 1637 1842; x_wconf 87' lang='grc' dir='ltr'><em>ὁπότεροι</em></span> <span class='ocrx_word' id='word_1_156' title='bbox 1698 1768 1760 1824; x_wconf 76' lang='grc' dir='ltr'><em>δὲ</em></span> 
     </span>
     <span class='ocr_line' id='line_1_20' title="bbox 85 1856 1760 1932; baseline -0.003 -16"><span class='ocrx_word' id='word_1_157' title='bbox 85 1858 244 1932; x_wconf 76' lang='grc' dir='ltr'><em>ἡμῶν</em></span> <span class='ocrx_word' id='word_1_158' title='bbox 298 1863 551 1932; x_wconf 83' lang='grc' dir='ltr'><em>ἔρχονται</em></span> <span class='ocrx_word' id='word_1_159' title='bbox 606 1858 692 1914; x_wconf 84' lang='grc' dir='ltr'><em>ἐπὶ</em></span> <span class='ocrx_word' id='word_1_160' title='bbox 747 1856 976 1929; x_wconf 75' lang='grc' dir='ltr'><em>ἄμεινον</em></span> <span class='ocrx_word' id='word_1_161' title='bbox 1035 1860 1284 1930; x_wconf 76' lang='grc' dir='ltr'><em>πρᾶγμα,</em></span> <span class='ocrx_word' id='word_1_162' title='bbox 1337 1856 1550 1930; x_wconf 75' lang='grc' dir='ltr'><em>ἄδηλον</em></span> <span class='ocrx_word' id='word_1_163' title='bbox 1597 1856 1760 1914; x_wconf 88' lang='grc' dir='ltr'><em>παντὶ</em></span> 
     </span>
     <span class='ocr_line' id='line_1_21' title="bbox 86 1944 734 2023; baseline 0 -19"><span class='ocrx_word' id='word_1_164' title='bbox 86 1947 229 2021; x_wconf 86' lang='grc' dir='ltr'><em>πλὴν</em></span> <span class='ocrx_word' id='word_1_165' title='bbox 267 1945 302 2021; x_wconf 83' lang='grc' dir='ltr'>ἢ</span> <span class='ocrx_word' id='word_1_166' title='bbox 341 1950 415 2023; x_wconf 78' lang='grc' dir='ltr'><em>τῷ</em></span> <span class='ocrx_word' id='word_1_167' title='bbox 454 1950 587 2023; x_wconf 75' lang='grc' dir='ltr'><em>θεῷ.</em></span> <span class='ocrx_word' id='word_1_168' title='bbox 732 1944 734 1946; x_wconf 51' lang='grc'><strong>’</strong></span> 
     </span>
    </p>
   </div>
  </div>
 </body>
</html>
