2020 3198
873 166 1113 212 ΦΑΙΔΩΝ.
1726 166 1831 218 155

149 281 424 352 μηδέποτε
473 283 763 353 δέξασθαι,
802 283 968 337 πάλιν
1016 282 1079 338 δὲ
1126 281 1570 356 ἀναμιμνῄσκου·
1619 281 1688 339 οὐ
1723 282 1830 355 γὰρ

148 379 341 440 χεῖρον
378 369 640 435 πολλάκις
678 367 918 425 ἀκούειν.
978 369 1043 425 τὰ
1067 372 1228 426 πέντε
1257 370 1360 442 τὴν
1391 375 1494 427 τοῦ
1534 371 1730 443 ἀρτίου
1763 370 1831 427 οὐ

155 456 382 527 δέξεται,
423 455 556 513 οὐδὲ
583 455 651 512 τὰ
684 457 815 512 δέκα
845 455 947 528 τὴν
977 460 1078 513 τοῦ
1109 462 1382 529 περιττοῦ,
1420 457 1483 515 τὸ
1516 457 1831 514 διπλάσιον·

155 552 318 600 τοῦτο
342 543 445 615 μὲν
469 537 573 599 οὖν
594 543 687 599 καὶ
711 541 846 599 αὐτὸ
871 543 1020 619 ἄλλῳ
1048 543 1150 601 οὐκ
1175 549 1450 616 ἐναντίον,
1475 544 1622 617 ὅμως
1646 545 1708 601 δὲ
1729 544 1832 617 τὴν

153 634 255 687 τοῦ
279 633 535 703 περιττοῦ
561 630 630 687 οὐ
655 633 885 698 δέξεται·
919 630 1053 688 οὐδὲ
1082 631 1144 688 τὸ
1169 631 1428 704 ἡμιόλιον
1454 631 1588 689 οὐδὲ
1622 639 1628 701 Ι
1662 628 1833 689 τᾶλλα
1852 646 1888 690 Β

143 718 220 774 -τά
243 722 488 790 τοιαῦτα,
511 717 573 775 τὸ
605 717 795 790 ῆμισυ,
818 717 922 791 τὴν
951 724 1052 775 τοῦ
1079 718 1233 791 ὅλου,
1256 722 1349 776 καὶ
1371 721 1729 794 τριτημόριον
1761 715 1833 777 αὖ

150 807 246 862 καὶ
280 806 457 862 πάντα
490 806 556 862 τὰ
591 810 837 878 τοιαῦτα,
881 812 1031 879 εἴπερ
1074 808 1189 863 ἕπει
1226 830 1284 863 τε
1316 809 1410 863 καὶ
1441 813 1706 864 συνδοκεῖ
1743 824 1835 866 σοι

145 894 362 961 «οῦτωςῖ
424 894 591 950 ’πάνυ
622 894 844 966 σφόδρα
873 895 965 950 καὶ
997 897 1294 966 συνδοκεῖ,’
1319 901 1443 968 ἔφη,
1467 898 1578 953 εκαὶ
1602 899 1833 969 ἕπομαι)

301 984 440 1039 LIV.
516 982 722 1038 *Πάλιν
762 982 831 1053 δή
871 984 1004 1054 μοι,’
1045 987 1169 1055 ἔφη,
1210 985 1284 1050 εἐξ
1323 982 1494 1056 ἀρχῆς
1531 985 1667 1056 λέγε.
1741 986 1834 1041 καὶ

144 1070 228 1141 μή
267 1092 362 1141 μοι
402 1068 432 1126 ὃ
472 1066 543 1125 ἂν
577 1072 760 1143 ἐρωτῶ
801 1069 1131 1141 ἀποκρίνου,
1172 1068 1313 1126 ἀλλὰ
1351 1071 1691 1142 μιμούμενος
1729 1074 1835 1144 ε’μέ.

154 1158 294 1228 λέγω
347 1156 408 1213 δὲ
458 1155 590 1228 παρ’
641 1155 713 1228 ἣν
758 1158 820 1213 τὸ
861 1161 1082 1227 πρῶτον
1122 1162 1312 1228 ἔλεγον
1364 1157 1682 1232 ἀπόκρισιν,
1731 1163 1834 1232 τὴν

156 1244 377 1317 ἀσφαλῆ
419 1246 656 1316 ἐκείνην,
696 1248 755 1301 ἐκ
791 1249 905 1301 τῶν
948 1250 1057 1302 νῦν
1102 1247 1417 1317 λεγομένων
1462 1245 1638 1319 ἄλλην
1685 1247 1835 1321 ὁρῶν

145 1331 482 1404 ἀσφάλειαν.
557 1337 609 1389 εἰ
645 1332 749 1404 γὰρ
783 1333 936 1405 ἔροιό
967 1355 1050 1405 με,
1092 1327 1137 1408 ᾦ
1176 1331 1248 1389 ἂν
1277 1338 1336 1389 τί
1365 1336 1447 1403 [ἐν
1485 1337 1585 1408 τῷ]
1625 1335 1835 1407 σώματι

155 1423 465 1494 ἐγγένηται,
511 1420 728 1494 θερμὸν
774 1426 949 1490 ἔσται,
1007 1420 1075 1477 οὐ
1120 1420 1222 1493 τὴν
1263 1425 1271 1493 Ι
1305 1420 1527 1494 ἀσφαλῆ
1582 1438 1671 1479 σοι
1727 1425 1886 1496 ἐρῶΟ

155 1510 453 1581 ἀπόκρισιν
504 1511 721 1581 ἐκείνην
770 1508 873 1581 τὴν
923 1507 1141 1581 ἀμαθῆ,
1198 1508 1282 1565 ὅτι
1322 1503 1367 1586 ᾦ
1417 1507 1488 1566 ὂὶν
1538 1511 1834 1584 θερμότης,

149 1597 293 1654 ἀλλὰ
338 1600 687 1670 κομψοτέραν
736 1600 795 1653 ἐκ
839 1601 953 1654 τῶν
998 1601 1132 1668 νῦν,
1180 1596 1263 1653 ὅτι
1310 1591 1356 1674 ᾦ
1406 1594 1477 1654 ἂν
1522 1602 1655 1671 πῦρ·
1703 1598 1836 1655 οὐδὲ

153 1684 226 1743 ἂν
267 1691 382 1759 ἔρῃ,
422 1679 465 1762 ᾧ
505 1683 575 1742 ἂν
614 1686 824 1757 σώματι
861 1690 919 1741 τί
945 1686 1248 1756 ἐγγένηται,
1282 1685 1527 1758 νοσήσει,
1568 1685 1669 1743 οὐκ
1708 1688 1834 1760 ε’ρῶ,

155 1772 242 1830 ὅτι
296 1766 340 1850 ᾧ
396 1770 469 1829 ἂν
520 1773 715 1843 νόσος,
771 1770 890 1829 ἀλλ’
946 1767 989 1848 ᾧ
1043 1770 1116 1828 ἂν
1168 1773 1422 1846 πυρετός·
1485 1773 1607 1829 οὐδ’
1667 1767 1711 1850 ᾦ
1764 1771 1837 1831 ἄν

154 1861 378 1938 ἀριθμῷ
418 1866 476 1917 τί
510 1863 824 1932 ἐγγένηται,
863 1859 1112 1932 περιττὸς
1149 1865 1328 1931 ἔσται,
1369 1859 1471 1917 οὐκ
1511 1863 1642 1934 ἐρῶ,
1681 1854 1726 1936 ᾦ
1766 1859 1838 1919 ἄν

155 1949 488 2022 περιττότης,
529 1947 650 2004 ἀλλ’
695 1941 739 2023 ᾦ
779 1945 850 2003 ἂν
888 1947 1079 2019 μονάς,
1118 1949 1209 2004 καὶ
1246 1943 1419 2004 τᾶλλα
1459 1948 1649 2014 οὕτως.
1710 1942 1832 2006 ἀλλ’

154 2035 278 2109 ὅρα,
318 2040 369 2092 εἰ
404 2036 511 2108 ἤδη
553 2039 755 2101 ἱκανῶς
794 2033 943 2091 οἷσθ’
988 2036 1073 2091 ὅτι
1103 2036 1411 2107 βούλομαι.’
1490 2035 1649 2093 εἀλλὰ
1685 2038 1838 2095 πάνυ

150 2125 402 2194 ἱκανως,’
456 2127 575 2195 ἔφη.
661 2122 989 2193 “ἀποκρι’νου
1043 2122 1158 2194 ὃή,’
1219 2117 1256 2195 ἦ
1309 2122 1358 2179 δ’
1415 2122 1500 2195 ὅς,
1556 2118 1621 2201 ‘55
1666 2122 1738 2181 ἂν
1783 2131 1843 2183 τί

158 2213 443 2284 ἐγγένηται
504 2211 740 2282 σώματι,
805 2216 911 2277 ζῶν
974 2213 1169 2278 ὲ’σται;’
1229 2203 1293 2287 ‘93
1354 2207 1426 2266 ἂν
1472 2211 1659 2283 ψυχή’,
1712 2217 1834 2285 ἔφη.

156 2299 387 2357 “οὐκοῦν
434 2299 522 2356 ἀεὶ
567 2303 730 2355 τοῦτο
781 2298 957 2365 οὕτως
998 2301 1005 2371 Ι
1048 2301 1201 2371 ἔχει;’
1250 2301 1383 2365 ‘nafis
1426 2298 1532 2373 γὰρ
1579 2298 1749 2372 οὐχί;’
1798 2294 1894 2373 ἦῧ

150 2387 207 2444 ‹5’
253 2387 326 2455 ὅς.
404 2386 456 2459 ’ἡ
495 2388 642 2460 ψυχὴ
692 2387 800 2460 ἄρα
840 2385 925 2443 ὅτι
970 2383 1041 2443 ἄν
1089 2385 1228 2458 αὐτὴ
1275 2387 1545 2461 κατάσχῃ,
1593 2386 1678 2444 ἀεὶ
1716 2386 1837 2459 ῆκει

155 2474 237 2531 ἐπ’
282 2478 457 2532 ἐκεῖνο
497 2477 747 2546 φέρουσα
787 2475 978 2547 ζωήν;’
1019 2473 1156 2546 “ῆ’κει
1196 2476 1422 2546 μέντοι,’
1463 2480 1584 2547 ἔφη.
1662 2476 1836 2532 ’πότε-

153 2584 257 2634 ρον
297 2562 349 2618 δ’
394 2567 507 2618 ἔστι
553 2585 605 2618 τι
653 2567 758 2636 ζωῇ
807 2565 1063 2619 ἐναντίον
1108 2560 1144 2633 ἢ
1195 2561 1408 2630 οὐδέν;’
1457 2565 1666 2634 ’ἔστινξ
1713 2568 1835 2634 ἔφη.

154 2652 268 2714 ετι’;’
319 2651 614 2717 (θάνατος)
692 2650 923 2707 (οὐκοῦν
973 2649 1121 2722 ψυχὴ
1171 2651 1234 2706 τὸ
1287 2654 1544 2707 ἐναντίον
1597 2644 1640 2725 ᾦ
1694 2648 1834 2722 αὐτὴ

155 2738 400 2810 ἐπιφέρει
437 2737 524 2794 ἀεὶ
563 2738 632 2795 οὐ
672 2738 746 2810 μή
785 2759 912 2794 ποτε
953 2740 1189 2809 δέξηται,
1231 2736 1304 2804 ὥς
1336 2740 1394 2794 ἐκ
1431 2742 1544 2794 τῶν
1583 2737 1836 2809 πρόσθεν

154 2823 547 2896 ὡμολόγηται;’
588 2824 698 2879 εκαὶ
737 2824 884 2895 μάλα
924 2825 1183 2896 σφόδρα,’
1224 2830 1329 2896 ἔφη
1371 2823 1399 2881 ὁ
1442 2827 1639 2889 Κέβης.
