2020 3198
250 141 356 195 176
899 146 1238 191 ΠΛΑΤΩΝΟΣ
1879 192 1881 194 ,
1906 155 1934 195 2
2013 135 2017 139 ’

245 258 339 314 καὶ
393 257 486 330 ἐμὲ
540 262 830 332 ὁμολογεῖν
883 264 976 318 καὶ
1021 265 1202 335 λέγειν
1249 267 1386 338 ἅπερ
1433 267 1599 331 αὐτὸς
1643 267 1802 337 λέγει.
1886 271 1940 323 εἰ

247 345 352 402 οὖν
420 367 495 420 πῃ
565 352 703 420 ἔχεις
772 356 1073 422 συμβαλεῖν
1134 356 1236 424 τὴν
1297 357 1593 426 Κρατύλου
1655 359 1934 427 μαντείαν,

242 435 418 505 ἡδέως
471 436 541 492 ὀὲν
588 439 903 510 ἀκούσαιμι·
944 447 1154 511 μᾶλλον
1195 440 1256 496 δὲ
1297 443 1444 516 αὐτῷ
1493 458 1582 498 σοι
1629 444 1735 515 ὅπῃ
1783 447 1940 499 δοκεῖ

243 524 369 596 περὶ
416 525 702 597 ὀνομάτων
741 529 1061 600 ὀρθότητος,
1102 532 1181 584 ἔτι
1221 530 1292 584 ἂν
1328 532 1491 599 ἥδιον
1529 535 1839 603 πυθοίμην,
1885 538 1942 587 εἴ

245 627 333 666 σοι
372 614 693 689 βουλομένῳ
734 616 896 671 ἐστίν.

395 701 511 755 ΣΩ.
552 696 618 756 Ὦ
655 713 758 758 παῖ
777 703 1095 761 Ἱππονίκου
1128 705 1468 778 Ἑρμόγενες,
1508 709 1714 762 παλαιὰ
1743 726 1934 780 παροι-

175 794 213 839 Β
246 792 359 860 μία,
401 791 484 844 ὅτι
518 791 526 861 Ι
559 794 767 861 χαλεπὰ
804 795 871 846 τά
909 796 1050 848 καλά
1089 794 1238 848 ἐστιν
1277 796 1382 867 ὅπῃ
1423 798 1533 866 ἔχει
1571 801 1796 866 μαθεῖν·
1842 795 1934 851 καὶ

247 880 314 948 δὴ
365 878 457 932 καὶ
501 880 563 932 τὸ
609 872 735 951 περὶ
780 891 891 935 τῶν
938 883 1225 952 ὀνομάτων
1280 885 1348 938 οὐ
1396 885 1628 956 σμικρὸν
1676 885 1933 955 τυγχάνει

245 966 311 1020 ὃν
357 968 601 1037 μάθημα.
680 970 732 1022 εἰ
776 967 876 1038 μὲν
916 966 1019 1024 οὗν
1059 971 1165 1040 ἐγὼ
1203 973 1310 1041 ἤδη
1351 972 1558 1042 ἠκηκόη
1597 973 1745 1043 παρὰ
1785 976 1934 1044 Προ-

246 1057 405 1109 δι’κου
442 1057 545 1125 τὴν
582 1059 1171 1129 πεντηκοντάδραχμον
1211 1059 1490 1130 ἐπίδειξιν,
1528 1060 1599 1130 ἣν
1637 1060 1934 1115 ἀκούσαντι

243 1143 476 1215 ὑπάρχει
522 1144 648 1215 περὶ
695 1155 858 1200 τοῦτο
898 1149 1330 1218 πεπαιδεῦσθαι,
1379 1150 1453 1213 ὥς
1492 1162 1665 1219 φησιν
1705 1148 1932 1218 ἐκεῖνος,

246 1230 413 1286 οὐδὲν
459 1232 529 1286 ὀὲν
576 1232 815 1288 ἐκώλυέν
863 1249 922 1289 σε
971 1236 1166 1290 αὐτίκα
1211 1238 1356 1306 μάλα
1402 1236 1609 1291 εἰδέναι
1653 1237 1756 1306 τὴν
1805 1237 1932 1307 ἀλή-

243 1325 409 1373 θειαν
453 1319 579 1392 περὶ
619 1322 906 1391 ὀνομάτων
947 1324 1273 1395 ὀρθότητος·
1319 1333 1426 1380 νῦν
1466 1323 1528 1380 δὲ
1567 1325 1669 1379 οὐκ
1707 1325 1932 1395 ἀκήκοα,

179 1413 214 1459 C
246 1408 384 1462 ἀλλά
421 1410 523 1478 τὴν
563 1410 917 1480 δραχμιαίαν·
959 1412 1166 1466 οὔκουν
1205 1409 1349 1482 οἶδα,
1385 1411 1393 1485 Ι
1426 1420 1500 1484 πῇ
1539 1430 1669 1467 ποτε
1706 1414 1768 1467 τὸ
1805 1413 1933 1483 ἀλη-

244 1494 344 1560 θὲς
382 1498 491 1566 ἔχει
529 1496 655 1567 περὶ
693 1507 804 1551 τῶν
842 1500 1126 1553 τοιούτων.
1206 1503 1456 1570 συζητεῖν
1495 1499 1682 1570 μέντοι
1719 1501 1934 1572 ἕτοιμός

245 1586 356 1654 εἰμι
392 1583 485 1638 καὶ
524 1584 613 1639 σοὶ
651 1584 742 1639 καὶ
781 1588 1052 1661 Κρατύλῳ
1091 1596 1264 1658 κοινῇ.
1336 1589 1419 1642 ὅτι
1460 1586 1521 1643 δὲ
1559 1590 1628 1643 οὔ
1667 1593 1811 1659 φησί
1843 1604 1932 1644 σοι

237 1670 538 1744 Ἑρμογένη
586 1673 761 1743 ὄνομα
806 1670 950 1728 εἶναι
995 1682 1060 1745 τῇ
1109 1675 1368 1747 ἀληθεία,
1420 1676 1603 1746 ὥσπερ
1641 1676 1931 1732 ὑποπτεύω

245 1761 415 1815 αὐτὸν
462 1762 753 1816 σκώπτειν·
802 1767 972 1816 οἴεται
1012 1764 1117 1834 γὰρ
1165 1769 1297 1827 ἴσως
1343 1777 1403 1817 σε
1448 1764 1740 1834 χρημάτων
1786 1763 1932 1834 ἐφιέ-

245 1869 414 1920 μενον
443 1853 683 1920 κτήσεως
722 1850 1137 1921 ἀποτυγχάνειν.
1214 1850 1356 1922 ἀλλ’,
1398 1851 1427 1906 ὃ
1466 1859 1572 1906 νῦν
1611 1853 1680 1921 δὴ
1720 1854 1929 1922 ἔλεγον,

245 1937 451 1992 εἰδέναι
505 1936 605 2008 μὲν
658 1940 724 1993 τὰ
776 1948 1002 1993 τοιαῦτα
1056 1943 1320 2011 χαλεπόν,
1384 1942 1462 2004 εἰς
1523 1942 1585 1994 τὸ
1632 1942 1824 1995 κοινὸν
1869 1938 1932 1996 δὲ

243 2026 583 2091 καταθέντας
628 2029 731 2098 χρὴ
780 2037 1030 2097 σκοπεῖν,
1079 2034 1186 2083 εἴτε
1234 2030 1307 2093 ὡς
1354 2031 1423 2083 σὺ
1462 2027 1638 2097 λέγεις
1676 2031 1785 2100 ἔχει
1823 2034 1929 2083 εἴτε

245 2116 318 2178 ὡς
355 2117 656 2186 Κρατύλος.

390 2204 452 2257 lI.
504 2204 667 2257 EPM.
719 2203 830 2258 Καὶ
868 2206 978 2275 μὴν
1010 2207 1198 2274 ἔγωγε,
1240 2203 1282 2259 ὦ
1322 2207 1630 2277 Σώκρατες,
1669 2206 1929 2269 πολλάκις

246 2293 314 2360 δὴ
347 2291 438 2346 καὶ
465 2292 641 2364 τούτῳ
668 2292 978 2362 διαλεχθεὶς
1003 2292 1095 2346 καὶ
1120 2295 1306 2356 ἄλλοις
1329 2298 1572 2362 πολλοῖς,
1598 2294 1665 2347 οὐ
1690 2294 1928 2361 δύναμαι

172 2385 212 2430 D
244 2385 560 2448 πεισθῆναι,
601 2380 674 2441 ὡς
713 2380 848 2448 ἄλλη
888 2399 970 2443 τις
1005 2386 1011 2446 Ι
1046 2381 1286 2450 ὀρθότης
1316 2381 1582 2449 ὀνόματος
1612 2380 1646 2448 ἢ
1679 2380 1924 2451 ξυνθήκη

242 2465 334 2520 καὶ
381 2467 658 2536 ὁμολογία.
738 2466 858 2535 ἐμοὶ
903 2469 1008 2537 γὰρ
1057 2469 1232 2535 δοκεῖ,
1281 2468 1363 2520 ὅτι
1413 2469 1481 2520 ἄν
1525 2469 1607 2531 τίς
1645 2487 1719 2541 τῳ
1758 2473 1926 2537 θῆται

244 2556 436 2624 ὄνομα,
475 2562 638 2608 τοῦτο
678 2550 821 2607 εἶναι
857 2556 919 2608 τὸ
960 2555 1158 2625 ὀρθόν·
1196 2554 1288 2609 καὶ
1327 2554 1396 2608 ὀὲν
1435 2551 1601 2619 αὖθίς
1638 2576 1699 2624 γε
1738 2555 1927 2628 ἕτερον

244 2648 568 2711 μεταθῆται,
624 2641 800 2696 ἐκεῖνο
857 2639 917 2696 δὲ
970 2641 1160 2712 μηκέτι
1212 2647 1376 2713 καλῇ,
1432 2641 1599 2698 οὐδὲν
1653 2639 1819 2712 ἧττον
1863 2646 1924 2699 τὸ

243 2731 477 2803 ὕστερον
524 2730 708 2801 ὀρθῶς
754 2732 897 2799 ἔχειν
943 2739 1043 2784 τοῦ
1081 2729 1372 2802 προτέρου,
1412 2732 1594 2803 ὥσπερ
1632 2740 1748 2795 τοῖς
1786 2730 1925 2786 οἰκέ-

242 2837 360 2882 ταις
398 2818 552 2888 ἡμεῖς
591 2817 993 2887 μετατιθέμεθα
1036 2816 1224 2886 [οὐδὲν
1262 2815 1426 2889 ἧττον
1464 2815 1614 2874 τοῦτ’
1659 2815 1801 2874 εἶναι
1833 2820 1925 2891 ὀρ-
