2020 3198
577 192 897 235 AnOAomA
926 191 1306 237 ΣΩΚΡΑΤΟΥΣ.
1717 190 1788 244 53

109 303 162 362 δ’
199 299 320 378 οὖν,
354 308 560 379 ἐπιεικῆ
592 306 664 364 ἄν
694 329 790 379 μοι
821 311 969 364 δοκῶ
1000 307 1138 380 πρὸς
1160 311 1361 364 τοῦτον
1385 309 1565 380 λέγειν
1588 309 1788 380 λέγων,

19 423 31 426 -
109 391 194 448 ὅτι
233 393 379 465 ἐμοί,
426 388 470 451 ὦ
510 393 722 468 ἄριστε,
770 396 912 451 εἰσὶν
958 396 1058 466 μέν
1104 395 1214 452 πού
1258 416 1405 461 τινες
1440 396 1534 451 καὶ
1574 400 1789 452 οἰκεῖοι·

107 480 201 535 καὶ
236 479 346 553 γὰρ
390 485 554 538 τοῦτο
601 481 735 538 αὐτὸ
781 481 845 539 τὸ
890 486 991 539 τοῦ
1030 482 1293 555 Ὁμήρου,
1345 482 1469 539 οὐδ’
1522 485 1627 554 ἐγὼ
1676 482 1786 540 ἀπὸ

110 566 279 640 δρυὸς
318 567 442 624 οὐδ’
491 568 600 626 ἀπὸ
647 571 845 643 πέτρης
893 572 1136 642 πέφυκα,
1184 570 1305 627 ἀλλ’
1349 574 1404 638 ἐξ
1450 571 1790 643 ἀνθρώπων,

109 653 250 711 ὥστε
293 656 387 710 καὶ
433 659 633 713 οἰκεῖοί
673 662 774 728 μοί
814 661 920 714 εἰσι
956 659 1049 713 καὶ
1087 661 1251 729 υίεῖς,
1299 652 1342 714 ὦ
1389 657 1592 730 ἄνδρες
1632 657 1789 729 Ἀθη-

111 754 277 813 ναῖοι,
314 755 484 816 τρεῖς,
531 739 609 810 εἷς
653 744 754 816 μὲν
800 745 1089 819 μειράκιον
1133 745 1274 817 ἤδης
1316 745 1420 802 δύο
1468 746 1530 802 δὲ
1574 751 1791 803 παιδία·

110 829 232 886 ἀλλ’
276 829 425 903 ὅμως
463 829 667 888 οὐδένα
705 832 892 890 αὐτῶν
940 836 1106 905 δεῦρο
1147 833 1627 905 ἀναβιβασάμενος
1667 834 1791 905 δεή-

111 933 277 989 σομαι
321 915 481 989 ὑμῶν
527 917 1008 992 ἀποψηφίσασθαι.
1084 926 1142 977 τί
1183 921 1252 993 δὴ
1302 915 1407 978 οὖν
1458 921 1628 978 οὐδὲν
1665 921 1790 977 τού-

110 1025 222 1062 των
266 1004 505 1076 ποιήσω;
558 1006 661 1064 οὐκ
707 1007 1170 1081 αὐθαδιζόμενος,
1217 1005 1260 1066 ὦ
1301 1008 1615 1080 Ἀθηναῖοι,
1663 1007 1786 1065 οὐδ’

114 1089 290 1166 Ιῦμᾶς
320 1090 614 1165 ἀτιμάζων,
653 1094 774 1152 ἀλλ’
811 1101 862 1152 εἰ
890 1097 992 1168 μὲν
1022 1098 1346 1171 θαρραλέως
1378 1097 1483 1169 ἐγώ
1518 1102 1622 1170 ἔχω
1653 1095 1843 1169 πρὸςΕ

110 1178 364 1236 θάνατον
401 1177 437 1251 ἢ
476 1181 576 1253 μή,
623 1181 788 1250 ἄλλος
832 1184 1021 1255 λόγος,
1068 1183 1206 1258 πρὸς
1252 1184 1303 1241 δ’
1348 1178 1451 1241 οὖν
1492 1185 1661 1251 δόξαν
1699 1184 1792 1239 καὶ

113 1267 234 1339 ἐμοὶ
270 1266 364 1322 καὶ
400 1265 535 1340 ὑμῖν
571 1271 666 1326 καὶ
705 1269 805 1344 ὅλῃ
844 1276 910 1345 τῇ
955 1272 1114 1328 πόλει
1164 1272 1234 1329 οὔ
1279 1294 1374 1344 μοι
1422 1276 1578 1328 δοκεῖ
1616 1270 1791 1327 καλὸν

120 1351 264 1409 εἶναι
303 1352 395 1424 ἐμὲ
431 1355 645 1408 τούτων
685 1352 850 1407 οὐδὲν
888 1363 1068 1408 ποιεῖν
1098 1353 1190 1407 καὶ
1219 1357 1506 1422 τηλικόνδε
1538 1356 1671 1408 ὄντα
1701 1355 1793 1409 καὶ

119 1450 283 1496 τοῦτο
308 1442 554 1511 τοῦνομα
580 1444 792 1511 ἔχοντα,
826 1437 922 1494 εἴτ’
959 1438 1063 1495 οὖν
1087 1438 1291 1510 ἀληθὲς
1315 1440 1408 1495 εἴτ’
1440 1438 1542 1496 οὗν
1565 1444 1793 1507 ψεῦδος·

122 1527 239 1583 ἀλλ’
273 1525 376 1583 οὗν
402 1527 738 1598 δεδογμένον
761 1527 827 1597 γέ
848 1528 960 1582 ἐστι
990 1530 1051 1582 τὸ
1076 1529 1346 1599 Σωκράτη
1375 1527 1660 1600 διαφέρειν
1683 1528 1794 1582 τινὶ

119 1626 231 1670 τῶν
265 1621 273 1683 Ι
314 1610 536 1670 πολλῶν
575 1616 905 1687 ἀνθρώπων.
983 1618 1033 1669 εἰ
1069 1612 1171 1669 οὗν
1209 1616 1369 1685 ὑμῶν
1409 1617 1467 1669 oc
1501 1618 1859 1680 δοκοῦντες35

123 1702 410 1775 διαφέρειν
449 1709 556 1757 εἴτε
594 1706 766 1775 σοφίᾳ
804 1708 910 1757 εἴτε
955 1703 1183 1773 ἀνδρεία
1222 1708 1327 1756 εἴτε
1365 1704 1501 1773 ἄλλῃ
1540 1701 1792 1774 ᾑτινιοῦν

116 1786 282 1860 ἀρετῇ
320 1788 566 1843 τοιοῦτοι
596 1787 835 1854 ἔσονται,
873 1785 1105 1856 αἰσχρὸν
1136 1781 1208 1840 ἀν
1241 1791 1347 1856 εἴη·
1388 1786 1651 1857 οἵουσπερ
1684 1785 1790 1856 ἐγώ

115 1874 378 1940 πολλάκις
409 1872 624 1946 ἑώρακά
652 1891 823 1942 τινας,
850 1871 984 1927 ὅταν
1013 1877 1330 1943 κρίνωνται,
1357 1875 1662 1937 δοκοῦντας
1691 1874 1793 1943 μέν

115 1984 168 2018 τι
221 1960 390 2032 εἶναι,
441 1958 731 2031 θαυμάσια
784 1959 846 2015 δὲ
901 1960 1318 2030 ἐργαζομένους,
1374 1957 1448 2024 ὥς
1502 1959 1692 2015 δεινόν
1740 1982 1793 2015 τι

118 2049 408 2120 οἰομένους
444 2051 752 2116 πείσεσθαι,
791 2049 842 2101 εἰ
879 2043 1319 2116 ἀποθανοῦνται,
1363 2044 1545 2118 ὥσπερ
1584 2045 1794 2103 ἀθανά-

117 2157 228 2192 των
268 2135 573 2206 ἐσομένων,
619 2130 690 2189 ἆν
736 2131 893 2204 ὑμεῖς
939 2132 1145 2199 αὐτοὺς
1190 2133 1264 2205 μὴ
1314 2132 1689 2204 ἀποκτείνητε·
1741 2139 1799 2190 οἳ

118 2224 240 2295 ἐμοὶ
279 2226 545 2278 δοκοῦσιν
585 2219 857 2292 αἰσχύνην
895 2224 960 2293 τῇ
992 2220 1148 2276 πόλει
1178 2220 1515 2293 περιάπτειν,
1555 2220 1683 2278 ὥστ’
1721 2221 1793 2277 ἄν

117 2332 242 2368 τινα
285 2311 378 2365 καὶ
421 2313 535 2366 τῶν
581 2310 754 2376 ξένων
807 2306 1134 2379 ὑπολαβεῖν,
1189 2306 1298 2363 ὅτι.
1329 2310 1387 2363 oc
1437 2311 1796 2381 διαφέροντες

115 2397 429 2469 Ἀθηναίων
468 2400 547 2463 εἰς
583 2395 804 2468 ἀρετήν,
838 2404 846 2466 Ι
881 2393 979 2461 οὓς
1017 2393 1176 2451 αὐτοὶ
1216 2396 1428 2451 ἑαυτῶν
1476 2399 1537 2451 ἕν
1581 2417 1640 2451 τε
1676 2403 1847 2462 ταῖςΒ

119 2482 312 2558 ἀρχαῖς
360 2484 453 2540 καὶ
504 2495 622 2550 ταῖς
675 2483 867 2549 ἄλλαις
916 2494 1097 2555 τιμαῖς
1148 2487 1571 2556 προκρίνουσιν,
1639 2477 1794 2539 οὗτοι

119 2575 400 2643 γυναικῶν
447 2570 616 2627 οὐδὲν
668 2572 1010 2643 διαφέρουσι.
1083 2573 1255 2625 ταῦτα
1307 2569 1440 2641 γάρ,
1496 2563 1539 2625 ὦ
1594 2568 1796 2642 ἄνδρες

115 2659 430 2730 Ἀθηναῖοι,
477 2657 605 2714 οῦτε
649 2656 794 2730 ἡμᾶς
830 2656 934 2730 χρὴ
972 2664 1153 2713 ποιεῖν
1190 2656 1321 2722 τοὺς
1359 2659 1665 2721 δοκοῦντας
1701 2657 1794 2710 καὶ

121 2744 313 2802 ὁτιοῦν
359 2744 528 2816 εἶναι,
577 2743 719 2815 οὔτ’,
766 2743 838 2800 ἂν
883 2742 1040 2816 ἡμεῖς
1084 2748 1355 2815 ποιῶμεν,
1400 2741 1543 2814 ὑμᾶς
1589 2743 1792 2814 ἐπιτρέ-

54 2859 58 2862 ·
119 2854 268 2903 πειν,
307 2831 445 2888 ἀλλὰ
477 2835 641 2888 τοῦτο
674 2830 809 2887 αὐτὸ
843 2833 1253 2897 ἐνδείκνυσθαι,
1294 2830 1378 2886 ὅτι
1407 2828 1552 2886 πολὺ
1581 2833 1793 2901 μᾶλλον
