2020 3198
277 144 386 197 202
949 147 1287 190 ΠΛΑΤῼΝΟΣ
1902 152 1959 194 23

429 264 546 318 ΣΩ.
616 262 726 318 Καὶ
765 266 870 336 γὰρ
910 267 1081 319 ἔστιν·
1119 270 1340 334 γελοῖον
1379 264 1566 335 μέντοι
1604 267 1858 336 φαίνεται
1887 268 1962 332 ὡς

278 353 504 422 άληθῶς
544 351 950 422 ὀνομαζόμενον
989 354 1063 417 ὡς
1102 352 1279 423 ἐτέθη.

423 440 591 494 ΕΡΜ.
656 438 819 494 Ἀλλά
861 441 930 510 δὴ
971 443 1032 496 τὸ
1068 444 1202 511 μετὰ
1231 450 1395 497 τοῦτο
1426 452 1540 506 πῶς
1570 452 1762 513 φῶμεν
1791 444 1958 513 ἔχειν;

423 527 540 582 Σῼ.
626 530 702 582 Τὸ
742 539 897 598 σῶμα
937 527 1132 597 λέγεις;

420 617 585 670 ΕΡΜ.
663 620 794 671 Ναί.

422 705 538 758 ΣΩ.
618 709 878 776 Πολλαχῇ
930 726 1024 775 μοι
1071 708 1227 760 δοκεῖ
1268 709 1433 760 τοῦτό
1477 725 1563 775 γε·
1609 707 1679 762 ἂν
1725 705 1827 778 μὲν
1870 707 1963 762 καὶ

274 796 508 864 σμικρόν
546 813 628 856 τις
667 795 994 864 παρακλίνῃ,
1033 793 1125 847 καὶ
1159 795 1320 848 πάνυ.
1383 794 1475 848 καὶ
1505 797 1611 867 γὰρ
1644 798 1790 866 σῆμά
1819 796 1965 860 τινές

205 893 241 938 C
275 895 448 950 φασιν
483 882 489 950 Ι
525 881 659 935 αὐτὸ
707 878 851 935 εἶναι
895 889 992 950 τῆς
1037 890 1244 951 ψυχῆς,
1293 883 1366 945 ὡς
1406 883 1752 954 τεθαμμένης
1790 884 1851 938 ἐν
1887 891 1963 958 τῷ

273 978 381 1024 νῦν
412 972 668 1040 παρόντι·
699 968 792 1023 καὶ
824 971 968 1023 διότι
996 966 1067 1023 αὖ
1093 971 1269 1043 τούτῳ
1296 975 1549 1041 σημαίνει
1573 971 1607 1026 ἃ
1631 971 1701 1026 ἂν
1724 976 1963 1043 σημαίνῃ

272 1058 306 1126 ἡ
354 1060 530 1128 ψυχή,
577 1056 670 1111 καὶ
714 1059 884 1128 ταύτῃ
934 1066 1080 1127 σῆμα
1127 1059 1312 1129 ὀρθῶς
1354 1064 1658 1114 καλεῖσθαι.
1736 1063 1966 1115 δοκοῦσι

273 1145 462 1215 μέντοι
522 1166 616 1215 μοι
678 1147 913 1215 μάλιστα
974 1146 1183 1200 θέσθαι
1246 1148 1304 1200 οἱ
1353 1146 1495 1217 ἀμφὶ
1549 1145 1749 1219 Ὀρφέα
1799 1157 1964 1204 τοῦτο

272 1236 334 1288 τὸ
375 1236 575 1304 ὄνομα,
639 1235 713 1298 ὡς
778 1236 939 1304 δίκην
1003 1236 1267 1304 διδούσης
1327 1243 1424 1304 τῆς
1487 1244 1690 1305 ψυχῆς,
1751 1233 1831 1291 ὧν
1895 1238 1963 1306 δὴ

273 1322 433 1377 ἕνεκα
483 1325 740 1377 δίδωσιν·
808 1331 1010 1378 τοῦτον
1059 1321 1120 1377 δε
1165 1327 1463 1395 περίβολον
1511 1327 1681 1394 ἔχειν,
1729 1346 1821 1379 ινα
1861 1325 1966 1398 σῴ-

276 1415 451 1480 ζηται,
522 1413 903 1481 δεσμωτηρίου
969 1413 1178 1465 εἰκόνα·
1249 1408 1391 1465 εἶναι
1463 1407 1566 1465 οὖν
1633 1419 1730 1481 τῆς
1787 1421 1966 1483 ψυχῆς

272 1507 467 1567 τοῦτο,
531 1500 714 1569 ὥσπερ
768 1499 901 1552 αὐτὸ
957 1499 1300 1568 ὀνομάζεται,
1366 1499 1467 1562 ἕως
1529 1499 1599 1553 ἂν
1659 1500 1843 1571 ἐκτίσῃ
1899 1504 1966 1555 τὰ

275 1587 632 1657 ὀφειλόμενα,
687 1589 749 1641 τὸ
790 1597 968 1656 σῶμα,
1016 1586 1108 1640 καὶ
1156 1584 1322 1640 οὐδὲν
1370 1588 1490 1640 δεῖν
1527 1589 1795 1659 παράγειν
1835 1587 1966 1644 οὐδὲ

274 1677 510 1747 γράμμα·

201 1773 243 1818 D
424 1765 627 1818 XVIII.
703 1764 868 1818 EPM.
939 1767 1123 1817 Ταῦτα
1166 1762 1267 1832 μέν
1301 1765 1309 1827 Ι
1344 1783 1436 1832 μοι
1475 1765 1631 1817 δοκεῖ
1665 1764 1881 1832 ἱκανῶς,
1922 1762 1965 1819 ὦ

275 1854 586 1923 Σώκρατες,
627 1855 909 1923 εἰρῆσθαι·
945 1851 1070 1922 περὶ
1103 1849 1164 1905 δὲ
1194 1861 1306 1905 τῶν
1335 1857 1488 1905 θεῶν
1517 1861 1629 1905 τῶν
1660 1852 1965 1921 ὀνομάτων,

278 1935 399 1995 οἷον
438 1941 531 1995 καὶ
569 1941 695 2012 περὶ
730 1950 832 1995 τοῦ
863 1942 1002 2004 Διὸς
1032 1948 1139 1994 νῦν
1172 1942 1240 2010 δὴ
1274 1942 1470 2008 ἔλεγες,
1510 1942 1727 2010 ἔχοιμεν
1758 1941 1827 1993 ἄν
1856 1959 1966 1995 που

275 2031 412 2083 κατὰ
449 2032 548 2083 τὸν
588 2030 758 2083 αὐτὸν
795 2032 1003 2100 τρόπον
1043 2027 1462 2097 ἐπισκέψασθαι,
1501 2030 1638 2082 κατὰ
1674 2031 1798 2082 τίνα
1835 2026 1966 2083 ποτὲ

277 2119 558 2189 ὀρθότητα
598 2118 782 2172 αὐτῶν
820 2119 887 2171 τὰ
926 2118 1167 2186 ὀνόματα
1205 2126 1399 2181 κεῖται;

427 2206 542 2260 ΣΩ.
621 2205 738 2259 Ναὶ
776 2208 851 2275 μα
889 2209 1002 2259 Δία
1039 2206 1195 2275 ἡμεῖς
1231 2225 1318 2273 γε,
1360 2202 1402 2258 ὦ
1436 2203 1774 2276 Ἑρμόγενες,
1815 2210 1966 2276 εἴπερ

276 2314 339 2363 γε
386 2302 526 2348 νοῦν
573 2297 814 2363 ἔχοιμεν,
863 2293 960 2348 ἕνα
999 2291 1098 2363 μὲν
1136 2295 1235 2347 τὸν
1272 2295 1567 2346 κάλλιστον
1604 2296 1835 2364 τρόπον,
1883 2293 1967 2346 ὅτι

277 2380 403 2452 περὶ
449 2388 601 2435 θεῶν
650 2379 817 2435 οὐδὲν
865 2387 1048 2450 ἴσμεν,
1098 2382 1223 2434 οὔτε
1270 2379 1393 2450 περὶ
1442 2381 1625 2433 αὐτῶν
1671 2382 1798 2434 οὔτε
1841 2379 1966 2450 περὶ

276 2478 388 2523 τῶν
420 2469 727 2539 ὀνομάτων,
759 2471 892 2522 ἅττα
923 2467 1054 2522 ποτὲ
1087 2467 1315 2531 ἑαυτοὺς
1345 2472 1633 2521 καλοῦσιν·
1667 2469 1839 2537 δῆλον
1860 2470 1966 2540 γὰρ

282 2557 365 2610 ὅτι
411 2556 619 2610 ἐκεῖνοί
658 2577 720 2624 γε
765 2557 980 2624 τάληθῆ
1020 2560 1264 2609 καλοῦσι.
1345 2556 1600 2625 δεύτερος
1640 2553 1690 2609 δ’
1735 2552 1806 2610 αὗ
1843 2559 1968 2627 τρό-

205 2661 244 2704 Ε
286 2663 387 2708 πος
431 2643 435 2717 Ι
481 2646 806 2715 ὀρθότητος,
863 2646 1044 2714 ὥσπερ
1099 2644 1158 2697 έν
1211 2652 1329 2706 ταῖς
1376 2644 1560 2713 εὐχαῖς
1605 2646 1774 2714 νόμος
1819 2643 1968 2698 ἐστὶν

278 2733 411 2803 ἡμῖν
464 2734 749 2803 εὔχεσθαι,
802 2732 1000 2796 οἵτινές
1045 2751 1102 2785 τε
1140 2730 1229 2785 καὶ
1271 2732 1480 2785 ὁπόθεν
1518 2735 1807 2802 χαίρουσιν
1844 2732 1967 2786 ὀνο-

282 2824 606 2891 μαζόμενοι,
661 2829 830 2874 ταῦτα
880 2819 970 2874 καὶ
1017 2820 1156 2890 ἡμᾶς
1203 2820 1404 2883 αὐτοὺς
1449 2824 1661 2888 καλεῖν,
1716 2820 1789 2883 ὡς
1833 2821 1966 2874 ἄλλο
