2020 3198
254 127 290 179 8
927 130 1265 174 ΠΛΑΤΩΝΟΣ

248 241 356 300 ὑπὸ
396 248 509 301 τῶν
549 249 821 318 ποιητῶν,
866 246 960 302 καὶ
996 243 1104 303 ὑπὸ
1148 250 1260 303 τῶν
1299 246 1533 319 ἀγαθῶν
1570 247 1832 319 γραφέων
1861 245 1930 302 τά

194 336 303 387 Οτε
331 331 337 405 Ι
365 330 507 388 ἄλλα
546 332 668 406 ἱερὰ
706 331 840 406 ἡμῖν
879 339 1383 406 καταπεποίκιλται,
1431 334 1524 390 καὶ
1563 333 1632 406 δὴ
1684 334 1779 390 καὶ
1815 345 1932 400 τοῖς

246 418 505 490 μεγάλοις
535 427 964 494 Παναθηναίοις
996 421 1026 479 ὁ
1058 424 1261 489 πέπλος
1292 421 1487 496 μεστὸς
1516 426 1628 479 τῶν
1658 421 1932 479 τοιούτων

244 508 622 581 ποικιλμάτων
654 508 919 582 ἀνάγεται
951 515 1029 577 είς
1051 512 1154 584 τὴν
1180 510 1511 584 άκρόπολιν;
1542 513 1713 567 ταῦτα
1744 508 1929 581 ἀληθῆ

246 599 439 668 φῶμεν
479 595 647 670 εἶναι,
689 592 733 655 ῶ
772 598 1118 673 Εὐθύφρον;

393 694 538 739 ΕΤΘ.
598 686 697 758 Μὴ
753 687 931 758 μόνον
984 710 1071 759 γε,
1134 682 1178 745 ῶ
1241 688 1555 760 Σώκρατες·
1611 684 1735 742 ἄλλ’
1795 685 1930 759 ὅπερ

245 772 370 846 ἄρτι
409 771 592 846 εἶπον,
639 776 731 830 καὶ
778 774 920 831 ἄλλα
967 792 1057 832 σοι
1096 775 1201 847 ἐγὼ
1241 775 1444 845 πολλά,
1493 773 1694 847 ἐάνπερ
1734 773 1930 847 βούλῃ,

245 861 371 934 περὶ
423 865 536 918 τῶν
590 867 766 918 θείων
822 863 1184 935 διηγήσομαι,
1238 861 1274 918 ὁὶ
1330 862 1400 920 σύ
1448 860 1675 918 ἀκούων
1714 856 1778 919 εὖ
1818 860 1926 919 οἶδ’

245 947 331 1005 ὅτι
369 950 712 1022 έκπλοιγήσει.

392 1040 513 1094 VII.
582 1048 679 1092 ΣΩ.
747 1038 866 1096 Οὐκ
912 1037 984 1096 ἂν
1022 1040 1380 1112 θαυμάζοιμι.
1431 1038 1572 1096 ἀλλὰ
1618 1042 1791 1095 ταῦτα
1831 1039 1928 1109 μέν

244 1148 340 1198 μοι
373 1129 450 1192 εἰς
482 1120 651 1192 αὖθις
684 1127 771 1183 ἐπὶ
804 1132 1006 1200 σχολῆς
1045 1129 1316 1200 διηγήσει·
1356 1129 1487 1184 νυνὶ
1520 1128 1608 1197 δέ,
1641 1125 1775 1199 ὅπερ
1807 1124 1931 1199 ἄρτι

186 1229 306 1275 Βσε
343 1213 592 1288 ἠρόμην,
633 1219 802 1286 πειρῶ
845 1217 1186 1288 σαφέστερον
1226 1220 1421 1272 εἰπεῖν.
1471 1213 1539 1273 οὐ
1585 1215 1694 1288 γάρ
1733 1236 1823 1286 με,
1852 1214 1859 1288 Ι
1887 1207 1932 1270 ῶ

245 1303 454 1376 ἑταῖρε,
499 1302 561 1358 τὸ
613 1303 887 1376 πρότερον
935 1306 1140 1370 ἱκανῶς
1186 1305 1439 1370 ἐδίδαξας
1478 1302 1830 1376 ἐρωτήσαντα
1867 1299 1931 1357 τὸ

245 1389 431 1462 ὅσιον,
464 1389 549 1447 ὅτι
579 1390 700 1447 ποτ’
737 1398 847 1462 εἴη,
880 1390 1020 1447 ἄλλά
1052 1414 1148 1462 μοι
1172 1390 1341 1462 εἶπες,
1374 1390 1460 1448 ὅτι
1482 1394 1649 1447 τοῦτο
1672 1389 1933 1462 τυγχάνει

247 1478 406 1535 ὅσιον
447 1477 540 1549 ὅν,
580 1475 612 1534 ὃ
652 1477 723 1534 σὺ
762 1482 871 1535 νῦν
911 1491 1115 1550 ποιεῖς,
1156 1479 1340 1551 φόνου
1380 1478 1609 1545 ἐπεξιών
1647 1483 1722 1555 τῷ
1754 1482 1933 1551 πατρί.

391 1574 533 1619 ΕΤΘ.
588 1567 702 1621 Καὶ
742 1565 927 1639 ἀληθῆ
967 1589 1030 1638 γε
1068 1571 1285 1639 ἔλεγον,
1326 1561 1369 1623 ῶ
1410 1566 1718 1639 Σώκρατες.

393 1664 487 1707 Σῼ.
537 1655 714 1722 Ἴσως.
761 1654 906 1711 ἀλλὰ
962 1655 1098 1728 γάρ,
1145 1650 1190 1712 ῶ
1246 1654 1588 1728 Εὐθύφρον,
1645 1655 1737 1711 καὶ
1791 1653 1932 1711 ἄλλα

244 1742 421 1800 πολλὰ
461 1743 571 1815 φῂς
609 1741 754 1800 εἶναι
793 1742 934 1800 ὅσιοι.

394 1840 536 1886 ΕΤΘ.
606 1833 722 1888 Καὶ
759 1831 867 1906 γὰρ
908 1837 1072 1890 ἔστιν.

395 1930 491 1976 Σῼ.
547 1922 848 1993 ᾧΜέμνησαι
890 1915 1020 1992 οὖν,
1062 1919 1147 1977 ὅτι
1188 1919 1256 1977 οὐ
1293 1919 1459 1977 τοῦτό
1498 1937 1588 1977 σοι
1627 1919 1932 1977 διεκελευό-

247 2032 382 2082 μην,
424 2011 485 2066 ἕν
523 2032 576 2065 τι
607 2007 642 2081 ἢ
676 2010 780 2067 δύο
814 2032 879 2082 με
912 2010 1133 2076 διδάξαι
1165 2013 1277 2066 τῶν
1308 2013 1531 2066 πολλῶν
1565 2007 1766 2079 ὁσίων,
1805 2005 1928 2063 ἄλλ’

248 2102 426 2155 ἐκεῖνο
467 2095 603 2153 αὐτὸ
645 2097 707 2154 τὸ
750 2095 925 2169 εἶδος,
972 2092 1018 2174 ᾦ
1063 2098 1244 2154 πάντα
1288 2096 1354 2153 τὰ
1404 2096 1530 2153 ὅσια
1575 2095 1702 2153 ὅσιά
1751 2097 1930 2163 ἐστιν;

248 2191 473 2258 ἔφησθα
511 2185 618 2258 γάρ
657 2205 767 2242 που
807 2190 905 2258 μιᾷ
948 2187 1069 2260 ἰδέα
1105 2186 1174 2242 τά
1211 2206 1269 2242 τε
1307 2185 1510 2241 ἀνόσια
1547 2183 1749 2241 ἀνόσιοι
1787 2181 1932 2240 εἶναι

193 2276 344 2330 Εκαὶ
381 2273 449 2330 τὰ
487 2274 493 2347 Ι
529 2273 657 2330 ὅσια
697 2273 847 2330 ὅσια·
886 2271 921 2345 ἢ
962 2274 1031 2330 οὐ
1071 2273 1465 2345 μνημονεύεις;

394 2370 536 2414 ΕΤΘ.
574 2360 802 2433 ’Έγωγέ

396 2459 493 2504 ΣΩ.
554 2449 776 2520 Ταύτην
813 2453 1008 2505 τοίνυν
1041 2470 1106 2520 με
1146 2446 1321 2519 αὐτὴν
1362 2449 1590 2514 δίδαξον
1620 2447 1724 2519 τὴν
1756 2448 1930 2517 ἰδέαν,

246 2543 328 2605 τίς
366 2539 501 2595 ποτέ
538 2540 712 2609 ἐστιν,
753 2540 847 2593 ἵνα
878 2541 956 2603 είς
988 2539 1204 2608 ἐκείνην
1243 2535 1572 2607 ἀποβλέπων
1601 2536 1695 2592 καὶ
1724 2535 1930 2607 χριόμε-

247 2649 346 2693 νος
385 2625 525 2698 αὐτῇ
560 2629 992 2698 παραδείγματι,
1033 2621 1063 2680 ὃ
1096 2624 1197 2696 μὲν
1229 2621 1301 2680 ἂν
1339 2627 1596 2680 τοιοῦτον
1627 2617 1693 2697 ᾖ,
1739 2617 1820 2680 ῶν
1859 2619 1931 2679 ἂν

247 2711 282 2785 ἢ
325 2712 396 2769 σὺ
436 2709 471 2783 ἢ
514 2711 679 2778 ἄλλος
726 2734 807 2779 τις
852 2712 1088 2786 πράττῃ,
1135 2714 1223 2783 φῶ
1272 2709 1431 2768 ὅσιον
1477 2708 1645 2783 εἶναι,
1691 2708 1725 2768 ὃ
1763 2710 1816 2768 δ’
1859 2707 1931 2766 ὖὶν

246 2800 322 2873 μὴ
362 2803 649 2871 τοιοῦτον,
689 2798 764 2873 μὴ
803 2804 907 2871 φῶ.
