2020 3198
786 173 1022 217 ΚΡΙΤΩΝ.
1680 171 1750 226 75

59 288 300 362 πότερον
352 301 640 356 κοινωνεῖς
700 289 793 345 καὶ
847 291 1106 357 ξυνδοκεῖ
1163 304 1253 344 σοι
1304 288 1397 343 καὶ
1451 288 1752 362 ἀρχώμεθα

29 404 40 408 ·
61 379 330 433 ἐντεῦθεν
377 377 799 449 βουλευόμενοι,
855 375 930 443 ὡς
986 377 1251 434 οὐδέποτε
1298 376 1485 451 ὀρθῶς
1531 382 1752 449 ἔχοντος

61 464 195 522 οὔτε
253 468 352 522 τοῦ
407 465 621 522 ἀδικεῖν
677 464 806 522 οὔτε
858 468 959 520 τοῦ
1019 463 1336 521 ἀνταδικεῖν
1391 465 1518 522 οὔτε
1570 468 1751 531 κακῶς

60 553 349 626 πάσχοντα
388 553 703 626 ἀμύνεσθαι
742 552 1091 627 ἀντιδρῶντα
1127 563 1325 620 κακῶς·
1373 551 1408 626 ἢ
1449 553 1750 625 ἀφίστασαι

14 698 20 700 .
59 642 158 697 καὶ
198 640 266 697 οὐ
304 653 592 708 κοινωνεῖς
625 646 722 714 τῆς
752 640 950 714 ἀρχῆς;
992 642 1113 714 ἐμοὶ
1146 642 1154 717 Ι
1189 642 1290 714 μὲν
1321 641 1427 715 γὰρ
1458 643 1551 697 καὶ
1581 643 1803 698 πάλαιΕ

61 729 212 787 οὕτω
251 730 343 786 καὶ
380 733 489 786 νῦν
530 734 608 785 ἔτι
648 734 816 801 δοκεῖ,
858 730 948 786 σοὶ
987 730 1048 786 δὲ
1095 738 1151 787 εἴ
1180 750 1255 804 πῃ
1295 729 1435 804 ἄλλῃ
1476 731 1748 801 δέδοκται,

61 820 189 889 λέγε
240 819 334 874 καὶ
388 822 628 874 δίδασκε.
709 821 760 874 εἰ
812 816 862 874 δ’
924 819 1170 890 ἐμμένεις
1221 829 1337 884 τοῖς
1390 819 1631 891 πρόσθε,
1685 817 1751 873 τὸ

64 905 199 977 μετὰ
239 910 403 962 τοῦτο
444 905 626 963 ἄκουε.

212 1005 302 1048 ΚΡ.
360 994 504 1051 Ἀλλ’
541 997 754 1068 ἐμμένω
787 1017 845 1051 τε
875 995 967 1050 καὶ
1001 997 1259 1062 ξυνδοκεῖ
1286 1014 1402 1067 μοι·
1438 994 1578 1051 ἀλλὰ
1612 996 1750 1066 λέγε.

211 1091 308 1135 ΣΩ.
372 1084 531 1154 Λέγω
558 1083 626 1155 δὴ
654 1077 726 1139 αὖ
750 1084 812 1140 τὸ
848 1083 980 1155 μετὰ
1003 1087 1186 1154 τοῦτο,
1212 1087 1424 1154 μᾶλλον
1457 1082 1512 1139 δ’
1543 1086 1748 1156 §ponc-3·

63 1171 301 1245 πότερον
341 1167 376 1225 ἃ
415 1170 488 1227 ἅν
525 1192 606 1237 τις
645 1169 962 1245 ὁμολογήσῃ
997 1193 1072 1246 τῳ
1106 1175 1293 1227 δίκαια
1325 1169 1460 1226 ὄντα
1490 1172 1748 1242 ποιητέον

63 1256 99 1331 ἢ
141 1260 527 1330 ἐξαπατητέον;

12 1347 15 1348 ’
212 1350 302 1401 KP.
363 1347 654 1418 Ποιητέον.

213 1438 305 1491 ΧΙ.
367 1443 462 1488 ΣΩ.
522 1433 613 1490 Ἐκ
643 1434 857 1491 τούτων
891 1434 959 1506 δὴ
994 1433 1174 1508 ἄθρει.
1228 1434 1485 1501 ἀπιόντες
1517 1436 1748 1493 ἐνθένδε

65 1523 221 1597 ἡμεῖς
267 1524 340 1596 μὴ
380 1529 663 1590 πείσαντες
700 1523 803 1595 τὴν
836 1524 844 1598 Ι
878 1524 1042 1579 πόλιν
1087 1523 1324 1596 πότερον
1372 1528 1552 1590 κακῶς
1595 1545 1749 1590 τινας
1766 1541 1822 1583 50

65 1616 355 1684 ποιοῦμεν,
387 1612 486 1667 καὶ
522 1615 693 1668 ταῦτα
733 1610 832 1677 οὓς
869 1611 1065 1683 ἥκιστα
1104 1616 1212 1683 δεῖ,
1252 1610 1285 1684 ἢ
1327 1635 1420 1681 ους
1460 1613 1554 1668 καὶ
1594 1615 1748 1684 ἐμμέ-

65 1722 238 1772 νομεν
279 1695 363 1766 οἷς
401 1698 838 1771 ὡμολογήσαμεν
879 1703 1114 1766 δικαίοις
1153 1694 1316 1756 οὖσιν
1354 1698 1388 1772 ἢ
1432 1700 1525 1768 οὕς

212 1799 302 1840 ΚΡ.
368 1787 485 1844 Οὐκ
524 1792 656 1860 ἔχω,
703 1810 746 1843 ω
788 1788 1105 1860 Σώκρατες,
1154 1787 1565 1860 ἀποκρίνασθαι
1610 1792 1748 1861 πρὸς

63 1874 98 1932 ὃ
138 1878 362 1950 ἐρωτᾷς
404 1874 471 1932 οὐ
509 1875 616 1947 γὰρ
657 1878 850 1932 ἐννοῶ.

213 1973 308 2016 ΣΩ.
367 1962 509 2019 Ἀλλ’
546 1957 656 2038 ᾦδε
688 1963 893 2019 σκόπει.
940 1967 991 2019 εἰ
1020 1965 1318 2034 μέλλουσιν
1348 1962 1482 2035 ἡμῖν
1516 1966 1748 2021 ἐνθένδε

64 2059 175 2108 εἴτε
229 2051 686 2124 ἀποδιδράσκειν,
741 2050 852 2107 εἷθ’
906 2049 1052 2117 ὅπως
1098 2055 1187 2107 δεῖ
1237 2050 1512 2123 ὀνομάσαι
1563 2056 1748 2123 τοῦτο,

66 2139 331 2206 ἐλθόντες
371 2142 428 2195 oc
461 2138 627 2209 νόμοι
664 2139 757 2194 καὶ
795 2138 856 2194 τὸ
896 2138 1093 2195 κοινὸν
1130 2142 1227 2210 τῆς
1257 2139 1468 2206 πόλεως
1499 2141 1747 2198 ἐπιστάν-

66 2248 152 2292 τες
198 2231 439 2298 ἔροιντο·
495 2227 614 2282 εἰπέ
661 2248 778 2298 μοι,
828 2219 873 2283 ὦ
920 2227 1229 2299 Σώκρατες,
1278 2232 1335 2282 τί
1376 2229 1437 2283 ἐν
1481 2233 1562 2305 νῷ
1611 2234 1748 2302 ἔχεις

7 2347 9 2350 <
66 2326 271 2381 ποιεῖν;
311 2314 447 2370 ἄλλο
486 2336 538 2369 τι
575 2311 610 2385 ἢ
651 2314 826 2390 τούτῳ
867 2318 941 2390 τῷ
983 2319 1149 2390 ἔργῳ,
1197 2308 1241 2392 ᾧ
1281 2318 1590 2388 ἐπιχειρεῖς,
1631 2321 1747 2373 δια-

65 2415 190 2460 νοεῖ
229 2403 361 2470 τούς
405 2425 463 2459 τε
515 2403 724 2474 νόμους
756 2403 765 2477 Ι
798 2401 943 2474 ἡμᾶς
996 2402 1261 2460 ἀπολέσαι
1311 2405 1405 2460 καὶ
1460 2405 1799 2477 ξύμπασανΒ

65 2491 168 2564 τὴν
207 2492 371 2549 πόλιν
409 2491 471 2548 τὸ
515 2491 618 2548 σὸν
657 2493 847 2563 μέρος;
886 2489 922 2563 ἢ
957 2496 1112 2548 δοκεῖ
1140 2508 1229 2548 σοι
1262 2489 1385 2549 οἶόν
1415 2514 1473 2549 τε
1505 2498 1583 2549 ἔτι
1615 2496 1746 2550 ἐκεί-

65 2602 172 2651 νην
217 2580 320 2651 τὴν
366 2579 529 2635 πόλιν
577 2578 720 2635 εἶναι
764 2581 858 2635 καὶ
903 2579 977 2651 μὴ
1024 2579 1466 2652 ἀνατετράφθαι,
1514 2584 1575 2638 ἐν
1613 2575 1650 2655 ᾗ
1689 2585 1751 2638 αἰ

14 2688 19 2691 ’
64 2667 363 2739 γενόμεναι
402 2671 549 2722 δίκαι
588 2668 762 2738 μηδὲν
802 2668 1118 2740 ἰσχύουσιν,
1164 2667 1304 2724 ἀλλὰ
1349 2667 1457 2725 ὑπὸ
1507 2673 1745 2725 ἰδιωτῶν

5 2779 27 2812 ·,
65 2755 269 2827 ἅκυροί
309 2775 367 2810 τε
411 2759 698 2825 γίγνονται
743 2756 835 2810 καὶ
882 2760 1339 2828 διαφθείρονται;
1393 2762 1451 2812 τί
1492 2760 1744 2829 ἐροῦμεν,

5 2835 19 2902 ,ἶ
66 2836 110 2899 αἶ
150 2847 392 2915 Κρίτων,
433 2840 570 2910 πρὸς
606 2846 778 2898 ταῦτα
815 2844 908 2898 καὶ
947 2842 1087 2899 ἄλλα
1124 2847 1374 2911 τοιαῦτα;
1422 2844 1598 2899 πολλὰ
1637 2846 1743 2915 γὰρ
