2020 3198
587 151 908 195 ΑΠΟΛΟΓῙΑ
939 151 1315 195 ΣΩΚΡΑΤΟΥΣ.
1725 149 1796 202 33

112 289 282 341 τερος.
353 267 571 324 ἀνεῖλεν
605 262 709 324 οὖν
741 266 775 338 ἡ
811 271 1010 323 Πυθία
1041 268 1251 338 μηδένα
1284 266 1605 340 σοφώτερον
1637 264 1796 324 εἶναι.

32 397 44 401 -
113 355 207 410 καὶ
244 354 460 411 τούτων
498 357 623 427 πέρι
663 353 692 411 ὁ
742 353 987 426 ἀδελφὸς
1031 352 1166 425 ὑμῖν
1215 353 1387 410 αὐτοῦ
1436 353 1626 410 οὑτοσὶ
1665 376 1797 427 μαρ-

114 442 364 516 τυρήσει,
405 442 592 514 ἐπειδὴ
634 443 841 507 ἐκεῖνος
879 441 1272 513 τετελεύτηκεν.

262 532 356 587 VI.
423 532 726 596 Σκέψασθε
760 530 838 600 δέ,
874 522 956 585 ῶν
990 530 1149 585 ἓνεκα
1175 530 1180 603 Ι
1209 533 1382 585 ταῦτα
1413 530 1577 600 λέγω·
1616 531 1792 601 μέλλω
1817 542 1857 586 Β

114 616 220 690 γὰρ
260 615 406 689 ὑμᾶς
437 618 708 688 διδάξειν,
750 615 889 672 ὅθεν
921 639 1014 687 μοι
1045 615 1079 687 ἡ
1115 616 1348 688 διαβολὴ
1379 619 1585 688 γέγονε.
1624 621 1797 673 ταῦτα

114 704 222 779 γὰρ
264 704 369 776 ἐγὼ
412 703 656 771 ἀκούσας
695 704 1091 776 ἐνεθυμούμην
1131 702 1357 761 οὑτωσί·
1394 711 1451 760 τί
1485 725 1615 760 ποτε
1652 706 1799 776 λέγει

117 791 147 848 ὁ
186 792 340 863 θεός,
379 794 472 849 καὶ
502 798 560 849 τί
586 813 717 849 ποτε
749 796 1070 860 αἰνίττεται;
1112 791 1216 862 ε’γῶ
1250 792 1357 864 γὰρ
1391 792 1459 864 δὴ
1494 791 1621 848 οὔτε
1660 793 1799 863 μέγα

115 879 244 936 οὔτε
275 879 511 953 σμικρὸν
553 881 785 947 ξύνοιδα
824 883 1037 956 ἐμαυτῷ
1079 880 1254 953 σοφὸς
1292 880 1394 937 ῶν·
1432 885 1490 936 τί
1525 873 1629 936 ὀὖν
1667 900 1799 936 ποτε

113 969 259 1039 λέγει
284 968 517 1040 φάσκων
551 969 643 1040 ἐμὲ
667 968 993 1040 σοφώτατον
1018 966 1186 1036 εἶναι;
1229 967 1297 1024 οὐ
1319 968 1426 1042 γὰρ
1462 968 1642 1040 δήπου
1665 967 1797 1036 ψεύ-

8 1130 11 1133 ἱ
116 1059 274 1112 δεταί
306 1075 390 1128 γε·
430 1054 499 1113 οὐ
538 1056 646 1129 γὰρ
686 1058 847 1127 θέμις
887 1055 1058 1130 αὐτῷ.
1096 1057 1189 1111 καὶ
1228 1056 1408 1112 πολὺν
1447 1056 1549 1128 μὲν
1588 1056 1797 1129 χρόνον

0 1185 10 1224 3
113 1143 387 1216 ἠπόρουν,
417 1149 475 1200 τί
501 1164 632 1200 ποτε
656 1146 824 1215 λέγει.
864 1148 1046 1200 ἔπειτα
1078 1143 1236 1215 μόγις
1274 1144 1423 1200 πάνυ
1456 1145 1542 1200 ἐπὶ
1576 1144 1796 1216 ζήτησιν

115 1229 289 1287 αὐτοῦ
327 1231 590 1302 τοιαύτην
628 1230 751 1287 τινὰ
793 1231 1120 1304 ἐτραπόμην.
1167 1225 1349 1303 ἦλθον
1391 1234 1483 1288 ἐπί
1515 1253 1639 1287 τινα
1683 1235 1795 1288 τῶν

116 1318 435 1375 δοκούντων
468 1322 662 1390 σοφῶν
688 1317 851 1388 εἶναι,
882 1316 958 1384 ῶς
985 1319 990 1392 Ι
1021 1321 1282 1390 ἐνταῦθα,
1316 1325 1465 1391 εἴπερ
1498 1338 1623 1390 που,
1649 1320 1794 1390 ἐλέγ-
1820 1331 1854 1376 G

117 1407 226 1472 ξων
256 1405 318 1463 τὸ
351 1418 611 1478 μαντεῖον
641 1407 734 1462 καὶ
765 1404 1072 1478 ἀποφανῶν
1103 1411 1178 1482 τῷ
1211 1410 1455 1483 χρησμῷ,
1488 1405 1572 1462 ὅτι
1605 1404 1796 1462 οὑτοσὶ

0 1512 7 1552 ἵ
115 1496 251 1565 ἐμοῦ
298 1494 616 1568 σοφώτερός
654 1497 792 1566 ἐστι,
840 1494 910 1550 σύ
958 1493 1009 1550 δ’
1054 1495 1147 1565 ἐμὲ
1187 1499 1430 1566 ἔφησθα.
1478 1499 1796 1552 διασκοπῶν

116 1576 221 1639 οὖν
260 1586 463 1639 τοῦτον
503 1615 572 1624 -
613 1581 846 1654 ὀνόματι
883 1582 990 1656 γὰρ
1033 1581 1200 1639 οὐδὲν
1248 1584 1442 1653 δέομαι
1481 1584 1683 1654 λέγειν,
1723 1576 1795 1654 ἦν

116 1671 182 1727 δέ
215 1693 298 1737 τις
333 1674 446 1727 τῶν
485 1674 806 1741 πολιτικῶν,
845 1670 984 1744 πρὸς
1023 1667 1090 1726 ὃν
1131 1669 1235 1742 ε’γῶ
1278 1674 1498 1727 σκοπῶν
1536 1669 1794 1727 τοιοῦτόν

114 1780 167 1814 τι
206 1763 447 1828 ἔπαθον,
487 1752 531 1815 ῶ
571 1757 774 1831 ἄνδρες
808 1757 1117 1830 Ἀθηναῖοι,
1161 1791 1223 1800 -
1266 1760 1356 1814 καὶ
1405 1759 1795 1830 διαλεγόμενος

0 1870 13 1914 *s
116 1845 292 1923 αὐτῷ,
333 1847 490 1913 ἔδοξέ
525 1867 618 1917 μοι
659 1839 822 1912 οὗτος
855 1844 883 1901 ὁ
917 1845 1060 1918 ἀνὴρ
1093 1850 1278 1902 δοκεῖν
1311 1846 1412 1917 μὲν
1444 1844 1588 1902 εἶναι
1620 1845 1795 1917 σοφὸς

11 1944 14 1946 ’
116 1933 304 2000 ἄλλοις
339 1956 398 1990 τε
427 1940 653 1998 πολλοῖς
683 1932 1006 2005 ἀνθρώποις
1035 1934 1127 1989 καὶ
1158 1934 1393 2004 μάλιστα
1424 1935 1618 2011 ἑαυτῷ,
1651 1932 1795 1990 εἶναι

116 2021 168 2078 δ’
214 2020 304 2077 οὔ·
342 2019 568 2076 κᾶπειτα
608 2020 916 2093 ἐπειρώμην
957 2019 1103 2096 αὐτῷ
1145 2020 1453 2091 δεικνύναι,
1495 2019 1579 2077 ὅτι
1619 2028 1791 2078 οἴοιτο

115 2109 216 2181 μὲν
258 2106 401 2164 εἶναι
440 2106 640 2179 σοφός,
687 2114 770 2178 εἴη
820 2105 867 2162 δ’
911 2106 994 2163 οὔ.
1036 2114 1043 2175 Ι
1079 2110 1340 2164 ἐντεῦθεν
1380 2102 1484 2164 οὖν
1522 2109 1697 2184 τούτῳ
1736 2118 1853 2165 τε1)

116 2196 452 2269 ἀπηχθόμην
490 2195 582 2250 καὶ
618 2201 843 2260 πολλοῖς
879 2198 991 2251 τῶν
1023 2195 1340 2268 παρόντων,
1380 2196 1518 2270 πρὸς
1556 2196 1794 2269 ἐμαυτὸν

116 2283 168 2340 δ’
199 2278 303 2340 οὖν
335 2281 514 2339 ἀπιῶν
540 2282 879 2354 ἐλογιζόμην,
907 2281 989 2338 ὅτι
1012 2283 1214 2339 τούτου
1237 2283 1338 2355 μὲν
1361 2287 1462 2341 τοῦ
1486 2283 1794 2358 ἀνθρώπου

117 2371 222 2443 ἐγὼ
264 2371 581 2443 σοφώτερός
621 2375 752 2441 εἰμι’
798 2372 1114 2428 κινδυνεύει
1154 2371 1256 2443 μὲν
1294 2371 1400 2444 γὰρ
1440 2370 1598 2443 ἡμῶν
1639 2371 1795 2429 οὐδέ-

115 2481 272 2532 τερος
312 2457 480 2515 οὐδὲν
518 2457 690 2514 καλὸν
729 2457 990 2529 κάγαθὸν
1030 2461 1261 2530 εἰδέναι,
1310 2458 1432 2515 ἀλλ’
1485 2453 1647 2527 οὗτος
1692 2461 1794 2532 μὲν

117 2551 297 2602 οἴεταί
328 2567 381 2602 τι
420 2547 628 2602 εἰδέναι
668 2545 772 2602 οὐκ
814 2546 998 2617 εἰδώς,
1047 2546 1151 2618 ἐγῶ
1194 2549 1278 2618 δέ,
1327 2545 1508 2620 ῶσπερ
1549 2542 1653 2604 οὖν
1693 2547 1794 2604 οὐκ

117 2631 269 2703 οἶδα,
312 2631 445 2689 οὐδὲ
484 2640 689 2704 οἰόμαι·
731 2637 883 2689 ἔοικα
913 2636 1054 2705 γοῦν
1093 2634 1295 2690 τούτου
1332 2657 1395 2706 γε
1435 2639 1644 2712 σμικρῷ
1683 2656 1794 2692 τινι

115 2719 264 2796 αὐτῷ
312 2719 488 2793 τούτῳ
541 2720 855 2792 σοφώτερος
902 2719 1069 2792 εἶναι,
1126 2720 1209 2778 ὅτι
1261 2719 1297 2777 ἃ
1351 2721 1424 2794 μὴ
1480 2721 1608 2779 οἶδα
1662 2721 1795 2778 οὐδὲ

117 2814 304 2878 οἴομαι
352 2807 573 2862 εἰδέναι.
621 2809 884 2863 ἐντεῦθεν
932 2806 1014 2863 ἐπ’
1073 2807 1245 2864 ἄλλον
1297 2802 1372 2882 ᾖα
1417 2813 1529 2866 τῶν
1577 2812 1794 2866 ἐκείνου

202 2903 338 2935 ΡιΛτο
362 2902 382 2934 1
1501 2902 1527 2939 3
