2020 3198
205 144 314 198 150
880 146 1216 191 ΠΛΑΤΩΝΟΣ

202 260 430 318 ἄνωθεν
468 266 721 333 βελτίστη
763 267 1047 335 φαίνοιτο,
1089 265 1191 334 ἕως
1229 265 1324 320 ε’πί
1355 285 1408 319 τι
1448 262 1646 319 ἰκανὸν
1685 267 1891 334 ἔλθοις,

145 347 316 420 Εόἔμα
363 350 426 406 δὲ
459 355 468 418 Ι
503 347 606 407 οὐκ
658 346 731 405 ἂν
785 350 990 422 φύροιο
1046 349 1229 423 ῶσπερ
1280 353 1337 407 οἱ
1381 349 1723 422 άντιλογικοὶ
1767 357 1897 423 περί

201 459 260 494 τε
297 441 395 510 τῆς
434 437 608 511 ἀρχῆς
645 438 1036 509 διαλεγόμενος
1073 440 1166 494 καὶ
1212 442 1324 494 τῶν
1365 440 1420 506 ἐξ
1460 440 1672 510 ἐκείνης
1711 437 1893 512 ὥρμη-

202 525 414 597 μένων,
462 533 612 598 εἴπερ
652 525 883 597 βούλοιό
921 548 975 582 τι
1012 531 1127 583 τῶν
1174 526 1355 583 ὄντων
1403 524 1614 599 εὑρεῖν;
1663 528 1894 594 ἐκείνοις

202 612 304 684 μὲν
342 613 450 685 γὰρ
491 621 623 680 ἴσως
662 614 796 671 οὐδὲ
834 609 914 680 εἷς
950 616 1075 687 περὶ
1112 614 1317 671 τούτου
1356 614 1523 686 λόγος
1554 613 1689 671 οὐδὲ
1719 637 1892 688 φρον-

202 705 305 767 τίς·
339 703 521 758 ἱκανοὶ
552 702 660 776 γὰρ
691 701 800 759 ὑπὸ
828 708 1029 775 σοφίας
1062 702 1204 774 ὁμοῦ
1237 703 1417 759 πάντα
1439 706 1714 769 κυκῶντες
1745 702 1894 776 ὅμως

205 789 490 846 δύνασθαι
529 788 690 847 αὐτοὶ
730 788 920 856 αὑτοῖς
959 790 1238 863 ἀρέσκειν·
1286 790 1356 847 σὺ
1396 789 1470 861 δ’,
1511 799 1660 863 εἴπερ
1700 789 1752 847 εἶ
1779 795 1892 848 τῶν

118 878 214 952 102}
242 878 592 951 φιλοσόφων,
633 877 804 950 οἶμαι,
844 875 916 934 ἄν
957 877 1030 943 ὡς
1069 876 1175 949 ἐγὼ
1215 879 1355 950 λέγω
1396 880 1609 945 ποιοῖς.’
1671 877 1894 951 “άληθέ-

204 969 416 1038 στατα,’
457 972 584 1039 ἔφη,
625 968 854 1038 (λέγειςξ
897 964 927 1022 ὅ
965 987 1023 1022 τε
1062 971 1306 1038 Σιμμίας
1346 965 1460 1038 ἅμα
1498 966 1591 1022 καὶ
1630 965 1660 1023 ὁ
1693 970 1893 1039 Κέβης.

349 1066 445 1108 EX.
507 1055 599 1127 Νὴ
636 1061 766 1126 Δία,
807 1048 851 1111 ῶ
890 1058 1137 1126 Φαίδων,
1179 1053 1404 1119 εἰκότως
1438 1073 1520 1126 γε·
1558 1059 1894 1127 θαυμαστῶς

202 1144 312 1217 γάρ
373 1165 469 1215 μοι
531 1147 687 1199 δοκεῖ
745 1140 819 1208 ῶς
880 1145 1126 1215 ἐναργῶς
1186 1145 1262 1217 τῷ
1316 1141 1410 1197 καὶ
1463 1141 1698 1216 σμικρὸν
1749 1148 1893 1200 νοῦν

206 1236 390 1304 ἔχοντι
428 1235 602 1288 εἰπεῖν
643 1234 852 1297 ἐκεῖνος
889 1234 1076 1286 ταῦτα.

353 1328 510 1373 ΦΑΙΔ.
575 1319 745 1375 Πάνυ
794 1318 896 1390 μὲν
948 1313 1079 1388 οῦν,
1134 1311 1178 1375 ὦ
1225 1316 1564 1390 Ἐχέκρατες,
1618 1319 1712 1374 καὶ
1759 1324 1894 1376 πᾶσι

203 1419 320 1475 τοῖς
358 1411 637 1482 παροῦσιν
676 1411 882 1475 ἔδοξεν.

352 1507 447 1550 EX.
510 1496 624 1552 Καὶ
669 1495 777 1569 γὰρ
831 1494 965 1567 ἡμῖν
1018 1505 1134 1561 τοῖς
1180 1494 1411 1568 ἀποῦσι,
1465 1500 1575 1553 νῦν
1622 1495 1685 1552 δὲ
1730 1494 1894 1552 ἀκού·

207 1601 383 1642 ουσιν.
460 1582 601 1640 ἀλλὰ
640 1589 766 1640 τίνα
805 1582 874 1654 δὴ
914 1577 986 1655 ἦν
1025 1582 1092 1637 τὰ
1132 1582 1265 1654 μετὰ
1305 1587 1477 1639 ταῦτα
1515 1584 1808 1656 λεχθέντα;

353 1675 412 1729 L.
473 1681 628 1725 ΦΑΙΔ.
683 1669 780 1738 Ὡς
826 1672 927 1743 μὲν
975 1670 1080 1742 ἐγώ
1130 1669 1308 1742 οἶμαι,
1362 1672 1479 1728 ἐπεὶ
1525 1670 1675 1748 αὐτῷ
1721 1675 1895 1728 ταῦτα

146 1770 184 1815 Β
208 1761 600 1835 συνεχωρήθη,
654 1761 748 1816 καὶ
801 1759 1136 1832 ὡμολογεῖτο
1184 1757 1335 1816 εἶναί
1375 1781 1428 1816 τι
1473 1761 1704 1816 ἕκαστον
1740 1766 1747 1828 Ι
1781 1765 1892 1816 τῶν

206 1854 374 1907 εἰδῶν
412 1850 505 1905 καὶ
543 1848 759 1905 τούτων
797 1841 970 1904 τᾶλλα
1008 1847 1504 1919 μεταλαμβάνοντα
1542 1846 1730 1903 αὐτῶν
1769 1849 1895 1904 τού-

205 1959 318 1995 των
349 1937 451 2009 τὴν
492 1940 812 2008 ἐπωνυμίαν
854 1942 1047 2007 ἴσχειν,
1087 1934 1147 1991 τὸ
1190 1935 1259 2006 δὴ
1301 1934 1434 2006 μετὰ
1472 1939 1647 1992 ταῦτα
1685 1933 1895 2008 ἠρώτα·

205 2028 277 2083 εεί
316 2024 426 2096 ὃή,’
466 2018 501 2096 ἦ
541 2023 595 2080 δ’
640 2022 725 2094 ὅς,
766 2025 956 2080 *ταῦτα
996 2021 1173 2088 οὕτως
1212 2024 1410 2094 λέγεις,
1450 2016 1540 2096 ἆρ’
1585 2021 1713 2095 οὐχ,
1759 2021 1896 2079 ὅταν

206 2118 458 2184 Σιμμίαν
504 2111 842 2186 Σωκράτους
895 2113 1006 2184 φῇς
1058 2114 1219 2182 μείζω
1268 2109 1438 2182 εἶναι,
1498 2115 1791 2178 Φαίδωνος
1835 2112 1898 2169 δὲ

207 2201 438 2271 ἐλάττω,
492 2201 666 2271 λέγεις
718 2198 832 2256 τότ’
885 2197 1031 2255 εἶναι
1083 2201 1145 2254 ἐν
1197 2202 1273 2275 τῷ
1322 2203 1539 2273 Σιμμία
1591 2196 1896 2273 ἀμφότερα,

205 2289 299 2344 καὶ
338 2290 574 2359 μέγεθος
610 2289 704 2343 καὶ
743 2286 1123 2359 σμικρότητα;’
1165 2288 1388 2357 εἔγωγεῖ
1467 2285 1630 2342 εἀλλὰ
1668 2287 1822 2358 γάρ,’
1862 2280 1897 2360 ἦ

209 2375 262 2432 δ’
307 2373 393 2445 ὅς,
441 2373 751 2446 εὁμολογεῖς
795 2374 858 2431 τὸ
906 2374 1007 2430 τὸν
1048 2379 1296 2444 Σιμμίαν
1340 2372 1629 2446 ὑπερέχειν
1667 2376 1898 2448 Σωκρά-

207 2485 338 2529 τους
377 2461 504 2534 οὐχ,
556 2461 631 2528 ῶς
668 2475 783 2529 τοῖς
823 2461 1029 2533 ῥήμασι
1070 2463 1307 2532 λέγεται,
1348 2460 1493 2518 οὕτω
1532 2461 1625 2517 καὶ
1662 2461 1725 2518 τὸ
1766 2462 1898 2535 άλη-

208 2550 309 2615 θὲς
348 2553 507 2621 ἔχειν.
585 2551 654 2605 οὐ
690 2549 799 2622 γάρ
839 2568 948 2605 που
986 2551 1292 2620 πεφυκέναι
1324 2554 1572 2620 Σιμμίαν
1611 2547 1899 2624 ὑπερέχειν

158 2637 386 2712 Οτούτῳ
423 2642 430 2704 Ι
464 2640 540 2713 τῷ
582 2642 831 2709 Σιμμίαν
871 2634 1033 2707 εἶναι,
1074 2634 1213 2691 ἀλλὰ
1244 2639 1320 2709 τῶ
1353 2638 1594 2708 μεγέθει,
1635 2634 1666 2693 ὃ
1698 2638 1897 2711 τυγχά-

209 2748 295 2781 νει
334 2729 497 2797 ἔχων·
539 2723 661 2780 οὐδ’
707 2718 778 2781 αὖ
819 2723 1156 2798 Σωκράτους
1194 2722 1500 2796 ὑπερέχειν,
1542 2722 1627 2780 ὅτι
1666 2725 1899 2799 Σωκρά-

208 2836 303 2886 της
349 2811 379 2870 ὁ
428 2812 733 2887 Σωκράτης
788 2815 961 2882 ἐστίν,
1016 2809 1137 2867 ἀλλ’
1190 2809 1275 2867 ὅτι
1329 2811 1663 2884 σμικρότητα
1710 2817 1819 2886 ἔχει
1868 2811 1898 2868 ὁ
