2020 3198
234 163 304 216 14
900 166 1239 209 ΠΛΑΤῼΝΟΣ

165 290 204 334 D
238 279 374 337 αὐτὸ
429 282 761 352 Ι-ἡγείσθων
819 283 946 339 θεοὶ
986 281 1184 338 ἄδικον
1222 284 1314 338 καὶ
1352 281 1553 349 πάντες
1583 281 1912 354 μισούντων.

229 366 353 424 ἀλλ’
397 362 506 443 ἆρα
544 373 707 426 τοῦτο
755 373 863 426 νῦν
912 370 1359 444 ἐπανορθῶμεθα
1405 374 1465 427 ἐν
1511 374 1586 446 τῷ
1626 369 1801 447 λόγῳ,
1840 369 1916 438 ῶς

231 455 261 512 3
302 457 404 529 μὲν
443 455 516 514 ἂν
563 458 763 525 πάντες
810 461 867 514 οἱ
901 459 1029 515 θεοὶ
1075 464 1337 531 μισοῦσιν,
1386 458 1620 516 ἀνόσιόν
1667 461 1842 531 ἐστιν,
1883 457 1913 516 3

232 544 291 601 δ’
336 543 409 602 ἄν
449 551 707 619 φιλῶσιν,
748 546 929 604 ὅσιον·
963 546 993 604 3
1027 547 1079 603 δ’
1131 547 1202 604 ἂν
1236 551 1294 604 οἱ
1321 548 1422 620 μὲν
1453 551 1719 619 φιλῶσιν,
1761 550 1818 604 οἱ
1853 548 1916 604 δὲ

233 638 500 707 μισῶσιν,
569 634 833 709 οὐδέτερα
885 634 921 708 ἢ
977 635 1289 710 άμφότερα;
1352 630 1442 709 ἆρ’
1510 635 1654 693 οὕτω
1723 636 1914 708 βούλει

230 721 365 795 ἡμῖν
407 722 649 796 ὡρίσθαι
688 729 796 781 νῦν
835 727 960 797 περὶ
998 730 1098 782 τοῦ
1139 724 1301 782 ὁσίου
1339 726 1431 781 καὶ
1476 728 1578 782 τοῦ
1616 723 1876 793 ἀνοσίους

384 821 525 865 ΕΤΘ.
586 819 658 869 Τί
689 813 796 886 γὰρ
836 814 1064 885 κωλύει,
1105 808 1150 871 ῶ
1190 814 1507 887 Σώκρατες;

377 910 472 953 ΣΩ.
532 901 715 958 Οὐδὲν
770 904 867 974 ἐμέ
919 925 1005 974 γε,
1061 896 1106 959 ῶ
1153 901 1497 975 Εὐθύφρον,
1545 900 1686 959 ἀλλὰ
1733 900 1913 973 σύδὴ

228 987 290 1045 τὸ
332 988 435 1045 σὸν
475 990 692 1061 σκόπει,
740 994 790 1046 εἰ
833 995 995 1047 τοῦτο
1042 988 1392 1063 ὑποθέμενος
1439 989 1583 1047 οὕτω
1631 989 1808 1064 ῥᾷστά
1849 1012 1914 1063 με

231 1077 472 1144 διδάξεις
512 1077 542 1133 3
582 1076 841 1150 ὑπέσχου.

162 1172 198 1217 F·
379 1175 521 1220 ΕΤΘ.
609 1166 774 1222 Ἀλλ’
837 1172 1008 1238 ἔγωγε
1063 1172 1238 1239 φαίην
1292 1164 1364 1224 ἂν
1418 1170 1582 1223 τοῦτο
1646 1165 1790 1223 εἶναι
1817 1167 1823 1241 Ι
1850 1168 1911 1223 τὸ

229 1253 414 1326 ὅσιον,
455 1252 486 1311 3
527 1252 598 1311 ἂν
636 1256 839 1322 πάντες
871 1259 929 1311 015
955 1256 1083 1312 θεοὶ
1115 1259 1381 1327 φιλῶσιν,
1420 1257 1514 1311 καὶ
1543 1254 1603 1311 τὸ
1639 1257 1913 1327 ἐναντίον,

229 1340 259 1397 3
300 1339 373 1398 ἄν
404 1342 605 1409 πάντες
642 1345 769 1399 θεοὶ
808 1348 1071 1415 μισῶσιν,
1112 1343 1360 1400 ἀνόσιον.

379 1438 474 1483 ΣΩ.
557 1431 782 1487 Οὐκοῦν
838 1435 1222 1503 ἐπισκοπῶμεν
1281 1425 1354 1486 αὖ
1399 1435 1590 1502 τοῦτο,
1639 1425 1683 1487 ῶ
1723 1431 1914 1488 Εὐθύ-

230 1542 403 1592 φρον,
445 1524 495 1576 εἰ
531 1524 712 1584 καλῶς
750 1521 987 1591 λέγεται,
1035 1517 1069 1590 ἢ
1119 1523 1293 1591 ἐῶμεν
1343 1519 1435 1574 καὶ
1475 1517 1619 1575 οὕτω
1658 1518 1818 1590 ἡμῶν
1856 1542 1914 1576 τε

230 1605 416 1665 αὐτῶν
456 1607 863 1680 ἀποδεχώμεθα
907 1609 1000 1663 καὶ
1045 1611 1158 1664 τῶν
1205 1607 1417 1678 ἄλλων,
1470 1606 1567 1664 ἐὰν
1615 1607 1794 1679 μόνον
1833 1610 1913 1681 φῇ

227 1702 308 1763 τίς
361 1718 414 1752 τι
468 1701 612 1769 ἔχειν
661 1697 833 1768 οὕτω,
886 1698 1297 1770 ξυγχωροῦντες
1343 1701 1512 1768 ἔχειν;
1558 1693 1594 1767 ἢ
1634 1696 1912 1766 σκεπτέον,

226 1789 283 1840 τί
316 1786 462 1856 λέγει
503 1783 532 1841 ὁ
574 1786 781 1856 λέγων;

374 1882 516 1926 ΕΤΘ.
580 1875 885 1929 Σκεπτέον·
934 1872 1088 1945 οἶμαι
1127 1874 1316 1946 μέντοι
1355 1877 1526 1945 ἔγωγε
1570 1875 1735 1929 τοῦτο
1782 1873 1912 1929 νυνὶ

226 1965 407 2027 καλῶς
446 1963 723 2033 λέγεσθαι.

373 2051 493 2105 XII.
576 2058 673 2101 ΣΩ.
765 2047 896 2122 Τάχ’
913 2093 927 2120 ,
990 2043 1035 2106 ῶ
1093 2048 1288 2121 ’γαθέ,
1350 2051 1569 2121 βέλτιον
1631 2047 1911 2120 εἰσόμεθα

143 2154 195 2193 10
229 2138 502 2209 ἐννόησον
547 2139 655 2210 γὰρ
683 2138 689 2211 Ι
716 2136 778 2192 τὸ
827 2138 1067 2194 τοιόνδε·
1126 2141 1235 2210 ἀρα
1279 2136 1340 2194 τὸ
1390 2137 1579 2207 ὅσιον,
1627 2135 1712 2192 ὅτι
1751 2135 1911 2192 ὅσιόν
1951 2207 1955 2210 ⁴
2004 2178 2012 2209 3

229 2229 406 2296 ἐστιν,
447 2232 688 2296 φιλεῖται
726 2223 835 2280 ὑπὸ
876 2229 988 2281 τῶν
1027 2229 1207 2296 θεῶν,
1246 2222 1281 2296 ἢ
1323 2223 1408 2281 ὅτι
1447 2231 1711 2296 φιλεῖται,
1752 2221 1911 2279 ὅσιόν

229 2317 409 2382 ἐστιν;

377 2412 522 2455 ΕΤΘ.
581 2403 700 2459 Οὐκ
740 2400 849 2459 οἷδ’
894 2401 979 2458 ὅτι
1018 2404 1216 2473 λέγεις,
1257 2395 1302 2457 ῶ
1341 2402 1647 2471 Σώκρατες.

378 2500 473 2545 ΣΩ.
546 2489 690 2546 Ἀλλ’
744 2489 849 2561 ἐγὼ
905 2488 1237 2562 πειράσομαι
1292 2490 1633 2559 σαφέστερον
1681 2489 1910 2578 φράσαι.

229 2579 460 2650 λέγομέν
514 2600 567 2634 τι
625 2577 937 2684 φερόμενον
989 2577 1082 2632 καὶ
1136 2576 1310 2649 φέρον
1355 2576 1448 2630 καὶ
1495 2575 1775 2647 ἀγόμενον
1819 2576 1911 2631 καὶ

227 2667 368 2738 ἄγον
407 2667 499 2721 καὶ
540 2665 829 2738 ὁρώμενον
875 2665 967 2721 καὶ
1007 2663 1179 2737 ὁρῶν·
1225 2663 1317 2719 καὶ
1363 2663 1542 2719 πάντα
1581 2686 1647 2720 τα
1684 2666 1911 2720 τοιαῦτα

231 2753 540 2827 μανθάνεις
580 2753 666 2809 ὅτι
705 2756 861 2826 ἕτερα
899 2752 1157 2824 ἀλλήλων
1198 2751 1311 2808 ἐστὶ
1348 2752 1439 2806 καὶ
1477 2745 1514 2825 ᾖ
1553 2753 1734 2826 &spon

376 2850 516 2894 ΕΤΘ.
557 2841 775 2912 ’Ἑγωγέ
810 2863 904 2911 μοι
944 2844 1089 2896 δοκῶ
1130 2838 1459 2909 μανθάνειν.
