2020 3198
245 151 316 204 82
786 151 1124 195 ΠΛΑΤΩΝΟΣ
1154 151 1388 195 ΚΡΙΤΩΝ.
1976 0 2020 238 l

188 266 447 338 Βὸφελος
485 267 671 325 αὐτῶν
711 271 861 325 ἐστιν
906 272 1019 324 τῶν
1053 267 1063 343 Ι
1096 284 1187 325 σοι
1232 268 1566 340 φασκόντων
1606 254 1931 340 ἐπιτηδείων
1999 239 2020 356 ξ

244 353 407 427 εἶναι,
448 360 676 412 οἴεσθαί
715 378 778 427 γε
816 355 936 428 χρή.
2006 364 2020 446 ᾗ

391 446 536 501 XVI.
607 442 774 515 Ἀλλ’,
822 436 866 499 ῶ
906 443 1224 516 Σώκρατες,
1271 444 1609 516 πειθόμενος
1644 442 1778 517 ἡμῖν
1815 456 1933 511 τοῖς

246 543 366 598 σοῖς
402 535 671 605 τροφεῦσι
710 531 843 603 μήτε
889 536 1092 597 παῖδας
1137 533 1261 606 περὶ
1299 538 1555 599 πλείονος
1592 539 1758 590 ποιοῦ
1797 533 1932 605 μήτε
2008 598 2020 621 ἑ

243 618 306 676 τὸ
349 623 446 692 ζῆν
492 620 627 692 μήτε
681 618 815 675 ἄλλο
842 656 844 658 >
873 620 1047 691 μηδὲν
1102 619 1207 694 πρὸ
1262 624 1363 676 τοῦ
1413 625 1658 691 δικαίου,
1711 623 1805 677 ἵνα
1855 625 1933 687 είς
1998 623 2020 686 ᾸΊ.

233 706 430 764 ’Ἁιδου
470 706 654 764 έλθῶν
702 712 828 780 ἔχῃς
874 707 1053 763 πάντα
1099 710 1271 763 ταῦτα
1319 706 1780 779 ἀπολογήσασθαι
1818 721 1933 775 τοῖς

248 799 361 853 ἐκεῖ
395 795 686 870 ἄρχουσιν·
739 795 867 852 οὔτε
912 796 1018 869 γὰρ
1069 796 1276 852 ἐνθάδε
1323 813 1412 853 σοι
1459 801 1716 868 φαίνεται
1759 800 1932 852 ταῦτα
2015 807 2020 866 j]

245 884 542 958 πράττοντι
581 884 813 955 ἄμεινον
853 882 997 940 εἶναι
1037 883 1170 941 οὐδὲ
1211 885 1558 958 δικαιότερον
1598 883 1731 941 οὐδὲ
1770 882 1932 941 ὃσιῶ-

245 995 434 1046 τερον,
483 971 618 1028 οὐδὲ
657 971 805 1048 ἄλλῳ
844 975 957 1029 τῶν
997 976 1113 1029 σῶν
1162 971 1379 1044 οὐδενί,
1427 973 1556 1030 οὔτε
1595 975 1767 1029 ἐκεῖσε
1806 973 1933 1045 ἀφι-

245 1061 460 1135 κομένςο
495 1059 726 1131 ἄμεινον
760 1065 924 1116 ἔσται.
981 1059 1121 1116 ἀλλὰ
1152 1065 1261 1118 νῦν
1293 1061 1394 1133 μὲν
1426 1060 1756 1132 ἠδικημένος
1786 1059 1931 1131 ἄπει,
2013 1050 2020 1071 ⁵

194 1148 347 1205 Οέάν
388 1147 570 1222 ἀπίῃς,
622 1150 723 1221 οὐχ
761 1147 863 1221 ὑφ’
906 1147 1065 1221 ἡμῶν
1103 1153 1216 1206 τῶν
1250 1150 1260 1223 Ι
1291 1148 1483 1220 νόμων
1522 1148 1662 1204 ἀλλὰ
1699 1146 1793 1204 ὑπ’
1836 1147 1931 1205 ἄν·
2013 1187 2016 1190 -

246 1236 518 1309 θρῶπων·
568 1236 666 1293 ἐὰν
707 1237 768 1293 δὲ
809 1238 1034 1311 ἐξέλθῃς
1074 1236 1250 1303 οὕτως
1288 1240 1528 1310 αἰσχρῶς
1565 1235 1933 1310 ἄνταδικήσας

253 1347 306 1381 ιε
343 1326 437 1381 καὶ
477 1323 1007 1398 ἄντικακουργήσας,
1048 1324 1146 1392 τὰς
1185 1329 1392 1381 σαυτοῦ
1427 1324 1725 1397 ὁμολογίας
1752 1347 1810 1381 τε
1839 1325 1932 1380 καὶ

249 1412 529 1484 ξυνθήκας
575 1412 672 1479 τὰς
717 1413 856 1485 πρὸς
900 1412 1045 1485 ἡμᾶς
1089 1412 1339 1486 παραβὰς
1384 1414 1477 1469 καὶ
1521 1412 1661 1469 κακὰ
1703 1412 1932 1486 ἐργασά-

247 1516 414 1574 μενος
451 1502 682 1568 τούτους
722 1500 820 1568 οὓς
857 1501 1052 1573 ἥκιστα
1093 1506 1222 1573 ἔδει,
1263 1503 1470 1559 σαυτόν
1508 1525 1566 1559 τε
1603 1502 1695 1558 καὶ
1734 1506 1933 1572 φίλους

247 1590 339 1645 καὶ
392 1595 630 1663 πατρίδα
683 1590 775 1646 καὶ
829 1588 996 1661 ἡμᾶς,
1054 1588 1210 1662 ἡμεῖς
1261 1592 1323 1646 τέ
1373 1606 1462 1645 σοι
1515 1593 1931 1662 χαλεπανοῦμεν

249 1681 428 1749 ζῶντι,
467 1679 560 1733 καὶ
593 1680 706 1735 ἐκεῖ
739 1680 796 1734 οί
823 1677 1076 1750 ἡμέτεροι
1108 1677 1343 1749 ἀδελφοὶ
1376 1680 1434 1733 οί
1462 1676 1736 1734 ἐν”Αιδου
1765 1676 1932 1749 νόμοι

249 1764 352 1823 οὐκ
399 1764 645 1837 εὐμενῶς
691 1783 752 1823 σε
797 1765 1187 1837 ὑποδέξονται,
1242 1766 1475 1837 εἰδότες,
1524 1765 1608 1822 ὅτι
1652 1767 1746 1822 καὶ
1790 1763 1932 1838 ἡμᾶς

249 1856 600 1927 ἐπεχείρησας
660 1853 927 1911 ἀπολέσαι
988 1853 1049 1910 τὸ
1114 1853 1217 1910 σὸν
1279 1845 1456 1926 μέρος.
1548 1852 1687 1910 ἀλλὰ
1740 1853 1814 1925 μή
1871 1870 1932 1909 σε

189 1948 407 2017 Βπείσῃ
448 1949 674 2017 Κρίτων
712 1954 894 2000 ποιεῖν
934 1940 969 1998 ἃ
1009 1944 1154 2014 λέγει
1193 1945 1405 2014 μᾶλλον
1439 1943 1449 2017 Ι
1481 1938 1516 2014 ἢ
1555 1941 1723 2014 ἡμεῖς.

394 2034 568 2089 XVII.
624 2035 826 2102 Ταῦτα,
869 2024 912 2087 ὦ
945 2036 1071 2102 φίλε
1104 2031 1282 2104 ἑταῖρε
1313 2035 1556 2102 Κρίτων,
1597 2023 1660 2087 εὖ
1693 2037 1815 2086 ἴσθι
1847 2027 1932 2086 ὅτι

249 2119 355 2191 ἐγὼ
413 2123 559 2176 δοκῶ
616 2118 871 2189 ἀκούειν,
935 2117 1117 2192 ῶσπερ
1180 2121 1237 2173 οἱ
1292 2121 1764 2191 κορυβαντιῶντες
1818 2121 1932 2174 τῶν

249 2205 438 2262 αὐλῶν
495 2210 762 2263 δοκοῦσιν
818 2206 1072 2277 ἀκούειν,
1126 2206 1219 2262 καὶ
1275 2208 1335 2262 έν
1390 2207 1510 2277 ἐμοὶ
1557 2205 1694 2277 αὕτη
1741 2203 1775 2276 ἡ
1824 2203 1930 2276 ἠχὴ

247 2295 463 2351 τούτων
502 2298 615 2351 τῶν
654 2294 839 2365 λόγων
871 2299 1072 2365 βομβεῖ
1098 2294 1190 2348 καὶ
1222 2304 1371 2349 ποιεῖ
1398 2293 1472 2364 μὴ
1506 2292 1788 2349 δύνασθαι
1818 2296 1931 2348 τῶν

248 2382 433 2439 ἄλλων
473 2381 720 2438 ἀκούειν·
769 2381 908 2438 ἀλλὰ
958 2389 1105 2452 ἴσθι,
1155 2379 1259 2437 ὅσα
1304 2403 1366 2452 γε
1411 2379 1478 2436 τὰ
1523 2384 1631 2436 νῦν
1679 2381 1799 2452 ἐμοὶ
1839 2383 1932 2436 δο-

246 2475 481 2541 κοῦντα,
531 2469 628 2527 ἐὰν
675 2472 836 2543 λέγῃς
881 2469 1029 2542 παρὰ
1075 2473 1272 2539 ταῦτα,
1327 2468 1505 2540 μάτην
1553 2470 1706 2541 ἐρεῖς.
1783 2466 1932 2540 ὅμως

248 2561 437 2632 μέντοι
476 2565 530 2615 εἴ
562 2581 612 2614 τι
655 2565 759 2615 οἰέι
797 2558 966 2614 πλέον
1004 2556 1276 2628 ποιήσειν,
1315 2557 1452 2627 λέγε.
1831 2572 1838 2580 ·

395 2658 485 2699 ΚΡ.
545 2645 712 2716 Ἀλλ’,
753 2639 796 2701 ῶ
837 2644 1149 2717 Σώκρατες,
1192 2642 1293 2700 οὐκ
1333 2648 1436 2716 ἔχω
1476 2646 1670 2715 λέγειν.

191 2746 231 2792 Ε
395 2745 491 2788 ΣΩ.
525 2733 630 2790 ’Έα
661 2739 872 2804 τοίνυν,
906 2727 950 2790 ῶ
976 2738 1219 2804 Κρίτων,
1247 2732 1253 2806 Ι
1279 2732 1370 2787 καὶ
1395 2732 1719 2806 πράττωμεν
1742 2731 1931 2805 ταύτῃ,
2006 2783 2012 2788 .

249 2824 436 2896 ἐπειδὴ
477 2823 647 2897 ταύτῃ
689 2821 718 2879 ὁ
757 2822 891 2888 θεὸς
931 2819 1271 2892 ὑφηγεῖται..
