2020 3198
146 886 235 926 394

194 1585 232 1629 B

198 2288 227 2308 η

201 2315 227 2333 tl

270 131 377 184 192
939 131 1275 175 ΠΑΑΤΩΝΟΣ
1891 135 1947 177 18

267 265 365 305 σει.
430 245 553 306 οἷον
576 252 638 304 τὸ
663 253 719 320 β·
753 250 887 323 ὁρᾷς
910 251 994 305 ὅτι
1016 259 1115 305 τοῦ
1138 272 1172 321 η
1197 249 1289 305 καὶ
1311 258 1412 305 τοῦ
1435 269 1466 304 τ
1486 247 1580 304 καὶ
1601 257 1702 305 τοῦ
1725 271 1760 305 α
1782 264 1951 321 προσ-

265 338 542 393 τεθέντων
590 336 756 393 οὐδὲν
803 338 1073 408 ἐλύπησεν
1082 379 1098 408 ,
1146 340 1283 393 ὥστε
1321 339 1395 408 μὴ
1436 337 1561 408 οὐχὶ
1596 339 1699 408 τὴν
1737 338 1951 394 ἐκείνου

265 435 366 481 τοῦ
398 429 673 496 στοιχείου
705 427 879 496 φύσιν
913 429 1156 496 δηλῶσαι
1188 427 1297 500 ὅλῳ
1328 434 1403 499 τῷ
1437 426 1663 495 ὀνόματι
1694 422 1763 481 οὗ
1793 427 1951 496 ἐβού-
1990 439 1996 443 ’

267 519 389 569 λετο
429 515 459 569 ὁ
498 514 833 585 νομοθέτης·
874 516 1049 579 οὕτως
1078 516 1358 585 ἠπιστήθη
1390 519 1569 578 καλῶς
1597 513 1806 568 θέσθαι
1835 523 1951 579 τοῖς

264 604 546 674 γράμμασι
582 604 649 657 τὰ
688 603 943 673 ὀνόματα.

411 692 579 745 ΕΡΜ.
651 690 858 760 Ἀληθῆ
899 712 993 761 μοι
1034 693 1213 756 δοκεῖς
1251 690 1446 760 λέγειν.

413 778 530 833 ΣΩ.
611 780 834 834 Οὐκοῦν
879 778 971 833 καὶ
1016 778 1142 851 περὶ
1188 779 1454 849 βασιλέως
1491 779 1522 834 ὁ
1561 779 1726 842 αὐτὸς
1763 780 1947 846 λόγος;

268 865 275 939 Ι
309 869 461 921 ἔσται
499 868 605 939 γάρ
644 886 775 921 ποτε
816 866 875 921 ἐκ
913 866 1180 936 βασιλέως
1208 868 1483 936 βασιλεύς,
1521 865 1614 920 καὶ
1645 864 1700 930 ἐξ
1732 865 1951 934 ἀγαθοῦ

265 955 501 1024 ἀγαθός,
545 954 637 1009 καὶ
676 955 736 1009 ἐκ
772 959 946 1009 καλοῦ
983 958 1166 1024 καλός,
1205 954 1296 1009 καὶ
1333 951 1504 1013 τᾶλλα
1542 955 1719 1008 πάντα
1758 954 1950 1022 οὕτως,

266 1043 320 1108 ἐξ
369 1042 600 1097 ἑκάστου
645 1042 842 1112 γένους
889 1043 1078 1115 ἕτερον
1122 1051 1378 1098 τοιοῦτον
1424 1046 1680 1112 ἔκγονον,
1734 1041 1831 1096 ἐὰν
1876 1043 1949 1112 μὴ

263 1131 422 1203 τέρας
452 1135 729 1202 γίγνηται·
760 1131 991 1201 κλητέον
1028 1133 1096 1201 δὴ
1127 1132 1299 1186 ταύτὰ
1330 1131 1585 1201 ὀνόματα.
1647 1133 1951 1185 ποικίλλειν

265 1218 327 1274 δὲ
365 1221 539 1286 ἔξεστι
576 1230 694 1285 ταῖς
734 1224 1050 1290 συλλαβαῖς,
1091 1221 1229 1274 ὥστε
1270 1220 1424 1286 δόξαι
1463 1219 1532 1273 ἂν
1557 1226 1632 1292 τῷ
1666 1221 1951 1283 ἰδιωτικῶς

262 1310 443 1378 ἔχοντι
482 1308 639 1380 ἕτερα
678 1306 821 1363 εἶναι
860 1309 1112 1378 ἀλλήλων
1150 1310 1218 1362 τὰ
1248 1309 1387 1362 αὐτὰ
1418 1310 1573 1362 ὄντα·
1605 1308 1787 1378 ὥσπερ
1817 1307 1951 1377 ἡμῖν

261 1390 328 1449 τὰ
366 1406 477 1450 τῶν
516 1399 718 1467 ἰατρῶν
750 1399 1030 1468 φάρμακα,
1069 1399 1353 1468 χρώμασιν
1384 1396 1417 1465 ἢ
1451 1397 1645 1467 ὀσμαῖς
1673 1399 1950 1450 πεποικιλ-

263 1482 424 1553 μένα,
473 1486 610 1538 ἄλλα
659 1487 914 1554 φαίνεται
959 1486 1026 1538 τὰ
1065 1485 1202 1538 αὐτὰ
1242 1487 1398 1554 ὄντα,
1446 1493 1522 1557 τῷ
1563 1483 1629 1538 δέ
1661 1504 1724 1553 γε
1763 1486 1948 1557 ἰατρῷ,

263 1573 355 1626 ἅτε
386 1573 489 1641 τὴν
523 1573 529 1641 Ι
566 1574 805 1643 δύναμιν
835 1583 947 1627 τῶν
978 1574 1284 1644 φαρμάκων
1313 1572 1690 1646 σκοπουμένῳ,
1721 1573 1789 1626 τὰ
1812 1572 1950 1626 ἀὐτὰ

264 1662 542 1729 φαίνεται,
595 1660 688 1714 καὶ
741 1662 843 1715 οὐκ
901 1661 1248 1731 ἐκπλήττεται
1300 1661 1407 1715 ὑπὸ
1454 1671 1565 1715 τῶν
1611 1663 1947 1731 προσόντων.

265 1749 406 1802 οὕτω
456 1746 517 1802 δὲ
564 1754 695 1812 ἴσως
739 1747 831 1803 καὶ
878 1749 907 1802 ὁ
955 1749 1310 1819 ἐπιστάμενος
1355 1748 1481 1820 περὶ
1523 1749 1809 1819 ὀνομάτων
1846 1749 1949 1817 τὴν

265 1837 503 1906 δύναμιν
535 1838 718 1891 αὐτῶν
750 1847 958 1906 σκοπεῖ,
990 1836 1082 1891 καὶ
1113 1838 1214 1891 οὐκ
1238 1836 1602 1906 ἐκπλήττεται,
1634 1841 1758 1891 εἴτι
1780 1839 1947 1908 πρόσ-

262 1944 434 1978 κειται
486 1926 709 1996 γράμμα
762 1925 796 1994 ἢ
851 1927 1158 1995 μετάκειται
1211 1925 1244 1994 ἢ
1302 1925 1602 1996 ἀφῄρηται,
1655 1924 1690 1994 ἢ
1742 1923 1834 1979 καὶ
1888 1923 1948 1978 ἐν

261 2013 448 2076 ἄλλοις
500 2014 847 2068 παντάπασιν
897 2015 1211 2085 γράμμασίν
1260 2013 1410 2067 ἐστιν
1454 2013 1488 2082 ἡ
1534 2021 1635 2067 τοῦ
1681 2013 1947 2083 ὀνόματος

262 2102 508 2171 δύναμις.
579 2103 761 2173 ὥσπερ
801 2101 830 2155 ὃ
870 2110 977 2155 νῦν
1017 2103 1085 2171 δὴ
1126 2100 1401 2171 ἐλέγομεν,
1435 2100 1733 2167 Ἀστυάναξ
1766 2121 1825 2155 τε
1855 2099 1946 2156 καὶ

248 2187 456 2260 ’Έκτωρ
498 2187 663 2243 οὐδὲν
701 2199 812 2243 τῶν
851 2190 1035 2243 αὐτῶν
1073 2191 1407 2261 γραμμάτων
1446 2192 1555 2259 ἔχει
1592 2189 1737 2258 πλὴν
1765 2196 1866 2242 τοῦ
1895 2207 1944 2257 τ,

262 2276 381 2329 ἀλλ’
435 2278 580 2347 ὅμως
613 2278 620 2344 Ι
654 2278 856 2331 ταύτὸν
903 2280 1170 2347 σημαίνει.
1246 2276 1339 2331 καὶ
1372 2273 1682 2347 Ἀρχέπολίς
1727 2296 1789 2344 γε
1833 2285 1944 2330 τῶν

260 2361 360 2432 μὲν
390 2366 724 2434 γραμμάτων
755 2368 814 2418 τί
839 2365 1205 2429 ἐπικοινωνεῖ;
1241 2367 1405 2433 δηλοῖ
1432 2363 1493 2418 δὲ
1524 2365 1668 2433 ὅμως
1696 2365 1758 2417 τὸ
1783 2363 1941 2417 αὐτό·

259 2450 350 2505 καὶ
382 2453 519 2504 ἄλλα
550 2454 726 2505 πολλά
755 2452 922 2520 ἐστιν,
956 2451 988 2504 ἃ
1014 2449 1180 2504 οὐδὲν
1205 2450 1323 2503 ἀλλ’
1360 2450 1393 2519 ἢ
1418 2450 1644 2519 βασιλέα
1668 2453 1940 2521 σημαίνει·

259 2537 350 2591 καὶ
389 2539 526 2592 ἄλλα
563 2558 624 2607 γε
665 2536 735 2592 αὗ
775 2540 1098 2610 στρατηγόν,
1139 2531 1260 2592 οἷον
1284 2531 1430 2606 Ἀγις
1461 2536 1553 2591 καὶ
1585 2538 1941 2610 Πολέμαρχος

258 2625 350 2679 καὶ
387 2627 731 2696 Εὐπόλεμος·
778 2625 868 2679 καὶ
917 2626 1131 2696 ἰατρικά
1175 2645 1238 2694 γε
1284 2625 1463 2695 ἕτερα,
1505 2624 1811 2697 Ἰατροκλῆς
1848 2625 1938 2680 καὶ

254 2710 690 2785 Ἀκεσίμβροτος·
751 2712 842 2767 καὶ
907 2712 1064 2784 ἕτερα
1125 2712 1194 2766 ἂν
1257 2718 1388 2776 ἴσως
1445 2715 1620 2782 συχνὰ
1682 2715 1938 2785 εὕροιμεν

257 2810 374 2866 ταῖς
413 2799 513 2872 μὲν
566 2804 865 2870 συλλαβαῖς
910 2800 1002 2855 καὶ
1047 2809 1162 2864 τοῖς
1207 2801 1486 2871 γράμμασι
1529 2803 1935 2872 διαφωνοῦντα,
