2020 3198
245 151 353 204 206
915 150 1254 193 ΠΛΑΤῼΝΟΣ
1873 154 1930 195 32

243 259 412 325 σείειν
452 270 481 324 ὁ
522 273 687 324 σείων
728 270 1062 340 ὠνόμασται·
1100 271 1417 340 πρόσκειται
1458 266 1518 322 δὲ
1557 270 1618 322 τὸ
1654 278 1721 322 πῖ
1747 267 1839 323 καὶ
1867 271 1930 324 τὸ

244 357 420 412 δέλτα.
481 359 544 412 τὸ
571 355 631 412 δὲ
656 359 1007 426 Πλούτωνος,
1040 365 1203 411 τοῦτο
1229 354 1330 426 μὲν
1354 358 1490 410 κατὰ
1514 358 1615 426 τὴν
1639 364 1739 411 τοῦ
1763 358 1932 411 πλού-

242 466 343 500 του
383 449 559 515 δόσιν,
601 446 685 500 ὅτι
725 446 783 500 ἐκ
819 454 916 515 τῆς
953 453 1054 514 γῆς
1089 446 1342 498 κάτωθεν
1375 445 1584 499 ἀνίεται
1616 446 1645 499 ὁ
1677 451 1932 516 πλοῦτος,

244 534 636 604 ἐπωνομάσθη·
685 534 713 588 ὁ
762 532 822 588 δὲ
855 533 1069 602 Ἅιδης,
1118 535 1176 587 οἱ
1218 532 1414 587 πολλοὶ
1461 533 1562 603 μέν
1600 555 1695 604 μοι
1736 537 1931 589 δοκοῦ-

245 636 335 676 σιν
380 623 793 693 ὑπολαμβάνειν
831 624 892 676 τὸ
935 619 1112 684 ἀειδὲς
1151 627 1555 692 προσειρῆσθαι
1592 630 1667 695 τςό
1704 623 1932 693 ὀνόματι

243 712 438 784 τούτῳ,
477 709 568 764 καὶ
615 711 958 780 φοβούμενοι
995 711 1057 763 τὸ
1103 711 1276 779 ὄνομα
1318 711 1627 763 Πλούτωνα
1665 715 1932 765 καλοῦσιν

244 800 426 853 αὐτόν.

388 887 556 941 ΕΡΜ.
616 885 724 940 Σοὶ
764 884 826 940 δὲ
864 895 978 949 πῶς
1018 887 1296 955 φαίνεται,
1333 891 1340 951 Ι
1378 882 1420 939 ὦ
1461 887 1777 958 Σώκρατες;

389 975 507 1030 XX.
577 973 694 1029 ΣΩ.
764 978 1025 1044 Πολλαχῇ
1081 976 1265 1043 ἔμοιγε
1323 975 1586 1028 δοκοῦσιν
1641 976 1932 1045 ἅνθρωποι

245 1062 670 1135 διημαρτηκέναι
723 1062 849 1132 περὶ
902 1063 1104 1115 τούτου
1157 1069 1257 1115 τοῦ
1310 1067 1451 1115 θεοῦ
1505 1070 1600 1131 τῆς
1649 1064 1933 1132 δυνάμεως

242 1152 334 1206 καὶ
380 1155 682 1222 φοβεῖσθαι
730 1152 900 1204 αὐτὸν
940 1150 1042 1204 οὐκ
1081 1149 1249 1214 ἄξιον.
1330 1150 1413 1202 ὅτι
1445 1170 1502 1204 τε
1541 1152 1667 1222 γάρ,
1708 1150 1932 1205 ἐπειδὰν

243 1239 382 1304 ἅπαξ
428 1260 509 1303 τις
554 1240 710 1310 ἡμῶν
758 1239 1042 1309 ἀποθάνῃ,
1091 1237 1175 1292 ἀεὶ
1225 1237 1338 1291 ἐκεῖ
1381 1238 1555 1307 ἐστιν,
1604 1242 1932 1310 φοβοῦνται,

242 1328 333 1382 καὶ
372 1329 455 1382 ὅτι
492 1329 525 1397 ἡ
558 1330 705 1397 ψυχὴ
739 1328 919 1398 γυμνὴ
953 1333 1053 1380 τοῦ
1087 1328 1336 1396 σώματος
1366 1323 1494 1397 παρ’
1525 1327 1736 1381 ἐκεῖνον
1769 1326 1931 1398 ἀπέρ-

242 1437 416 1486 χεται,
456 1416 548 1470 καὶ
586 1425 749 1470 τοῦτο
790 1418 1155 1485 πεφόβηνται·
1205 1417 1271 1468 τὰ
1310 1412 1362 1468 δ’
1406 1415 1526 1485 ἐμοὶ
1565 1417 1721 1469 δοκεῖ
1754 1417 1932 1470 πάντα

244 1505 298 1568 ἐς
336 1506 538 1559 ταύτόν
576 1524 629 1558 τι
669 1506 1000 1571 συντείνειν,
1040 1502 1130 1556 καὶ
1170 1504 1202 1572 ἡ
1246 1504 1381 1574 ἀρχὴ
1422 1512 1521 1557 τοῦ
1560 1510 1701 1558 θεοῦ
1739 1504 1832 1559 καὶ
1868 1508 1930 1560 τὸ

245 1595 432 1663 ὄνομα.

392 1681 562 1735 ΕΡΜ.
626 1685 756 1744 Πῶς
796 1682 892 1749 δή;

392 1769 508 1823 ΣΩ.
574 1767 708 1837 Ἐγώ
758 1783 846 1822 σοι
894 1768 1024 1839 ἐρῶ,
1073 1768 1108 1820 ἄ
1145 1767 1211 1835 γε’
1253 1789 1347 1838 μοι
1398 1771 1666 1838 φαίνεται.
1753 1767 1869 1824 εἰπὲ
1921 1769 1926 1843 Ι

244 1860 348 1930 γάρ
387 1880 505 1929 μοι,
554 1858 753 1926 δεσμὸς
801 1856 915 1929 ζῴῳ
964 1856 1201 1929 ὁτῳοῦν,
1250 1857 1386 1910 ὥστε
1439 1856 1624 1926 μένειν
1665 1858 1928 1927 ὁπουοῦν,

242 1950 470 2018 πότερος
511 1947 860 2016 ἰσχυρότερός
900 1944 1065 2013 ἐστιν,
1107 1945 1317 2013 ἀνάγκη
1352 1944 1386 2013 ἢ
1427 1945 1720 2015 ἐπιθυμία;

391 2035 555 2090 ΕΡΜ.
602 2037 762 2087 Πολὺ
802 2033 1071 2103 διαφέρει,
1122 2030 1163 2086 ὦ
1203 2034 1520 2104 Σώκρατες,
1569 2034 1603 2102 ἡ
1650 2034 1928 2105 ἐπιθυμία.

392 2123 508 2177 ΣΩ.
579 2127 698 2176 Οἴει
745 2118 848 2175 οὖν
902 2123 998 2174 τὸν
1040 2120 1235 2190 Ἅιδην
1283 2122 1385 2175 οὐκ
1433 2121 1501 2174 ἂν
1561 2126 1800 2186 πολλοὺς
1847 2123 1930 2177 ἐκ-

243 2213 490 2281 φεύγειν,
531 2213 582 2264 εί
617 2212 689 2280 μὴ
730 2217 804 2282 τῷ
846 2210 1182 2282 ἰσχυροτάτῳ
1225 2211 1406 2282 δεσμῷ
1447 2211 1557 2263 ἔδει
1596 2213 1725 2274 τοὺς
1757 2211 1930 2265 ἐκεῖσε

246 2303 453 2363 ι’όντας;

391 2388 554 2442 ΕΡΜ.
617 2392 777 2455 Δῆλα
818 2389 901 2454 δή.

393 2475 508 2529 ΣΩ.
567 2473 863 2545 Ἐπιθυμίᾳ
920 2475 1024 2541 ἄρα
1070 2472 1180 2525 τινὶ
1227 2473 1454 2540 αὐτούς,
1505 2479 1577 2536 ὼς
1624 2475 1784 2542 ἔοικε,
1827 2476 1927 2543 δεῖ,

244 2570 393 2635 εἴπερ
432 2571 507 2636 τῷ
547 2565 783 2634 μεγίστῳ
826 2563 1006 2633 δεσμςό
1049 2562 1148 2627 δεῖ,
1188 2560 1278 2613 καὶ
1319 2562 1419 2614 οὐκ
1460 2560 1684 2632 ἀνάγκη.

392 2652 557 2705 ΕΡΜ.
625 2653 899 2703 Φαίνεται.

394 2739 509 2793 ΣΩ.
575 2739 796 2792 Οὐκοῦν
837 2739 1123 2807 ἐπιθυμίαι
1165 2733 1233 2790 αὖ
1273 2741 1477 2790 πολλαί
1511 2740 1675 2800 ει’σιν;

394 2829 558 2882 ΕΡΜ.
622 2830 748 2880 Ναί.
