2020 3198
253 141 359 203 112
923 144 1262 188 ΠΛΑΤΩΝΟΣ

249 263 487 316 δοκοῦσί
521 276 610 317 σοι
654 260 856 327 πάντες
901 265 1045 333 ἔχειν
1086 261 1309 318 διδόναι
1347 262 1519 332 λόγον
1557 261 1683 335 περὶ
1720 261 1935 320 τούτων

248 341 331 404 ὦν
376 352 485 405 νῦν
533 348 603 420 δὴ
654 350 958 422 ἐλέγομεν;’
1014 352 1343 422 εβουλοίμην
1390 349 1541 422 μέντ’
1583 348 1702 421 ἂνξ
1757 355 1861 423 ἔφη
1903 349 1933 407 ὁ

247 441 513 508 Σιμμίας·
572 431 730 494 Ἧιλλὰ
784 436 927 494 πολὺ
982 442 1195 509 μᾶλλον
1250 442 1560 511 φοβοῦμαι,
1607 438 1681 511 μὴ
1733 438 1934 512 αὔριον

247 524 507 595 τηνικάδε
559 524 741 582 οὐκέτι
791 519 827 599 ᾖ
886 524 1210 598 ἀνθρώπων
1262 524 1448 593 οὐδεὶς
1497 525 1663 594 ἀξίως
1712 522 1831 593 οἶός
1877 548 1935 583 τε

195 616 412 670 Οτοῦτο
467 615 730 685 ποιῆσαιῖ
816 612 939 670 ‘ofin
973 617 980 686 Ι
1015 612 1124 687 ἄρα
1177 618 1415 670 δοκοῦσί
1463 631 1554 671 σοι
1606 617 1939 672 ἐπίστασθαί

246 703 347 774 γε,’
387 707 512 774 ἔφη,
553 696 619 758 ‘03
657 707 892 774 Σιμμία,
932 702 1132 769 πάντες
1171 701 1359 771 αὐτά;’
1400 701 1712 775 (οὐδαμῶςῖ
1782 700 1934 760 ‘dva-

246 790 649 864 μιμνῄσκονται
696 789 806 862 ἄρα
855 789 893 846 α’
939 811 1069 847 ποτε
1117 793 1379 862 ἔμαθον;’
1430 790 1699 863 “άνάγκη.’
1784 791 1934 848 “πότε

244 883 520 950 λαβοῦσαι
567 881 630 934 αἱ
671 879 844 951 ψυχαὶ
889 877 1048 950 ἡμῶν
1093 877 1196 950 τὴν
1243 879 1547 951 ἐπιστήμην
1595 879 1806 948 αὐτῶνς
1864 878 1933 936 οὐ

243 967 352 1040 γὰρ
393 966 462 1039 δὴ
503 965 603 1039 ἀφ’
648 960 717 1023 οὗ
755 989 818 1039 γε
868 966 1162 1039 ἅνθρωποι
1207 967 1553 1039 γεγόναμενῖ
1631 966 1719 1025 ὀὐ
1760 970 1936 1039 δῆτα.’

246 1055 539 1128 επρότερον
571 1053 715 1128 ἄρα)
774 1057 920 1111 (ναίῖ
976 1049 1140 1127 εἦσαν
1173 1054 1300 1128 ἄρα,
1332 1049 1374 1111 ὦ
1408 1061 1640 1128 Σιμμία,
1673 1058 1735 1112 αἱ
1761 1058 1931 1129 ψυχαὶ

244 1144 336 1199 καὶ
374 1143 674 1217 πρότερον,
729 1143 862 1216 πρὶν
908 1141 1055 1200 εἶναι
1102 1146 1163 1200 ἐν
1202 1141 1514 1216 ἀνθρώπου
1553 1147 1713 1216 εἴδει,
1767 1145 1934 1218 χωρὶς

245 1232 544 1304 σωμάτων,
590 1232 684 1287 καὶ
730 1231 1011 1304 φρόνησιν
1050 1230 1238 1303 εἷχον.’
1309 1233 1379 1287 ‘el
1415 1231 1489 1304 μὴ
1532 1230 1640 1305 ἄρα
1677 1232 1933 1304 γιγνόμε-

242 1345 335 1379 νοι
372 1320 756 1393 λαμβάνομεν,
796 1314 840 1376 ὦ
880 1320 1199 1392 Σώκρατες,
1241 1320 1442 1386 ταύτας
1477 1319 1575 1387 τὰς
1613 1321 1932 1393 ἐπιστήμας·

185 1403 408 1476 Βοῦτος
451 1407 558 1482 γὰρ
612 1413 851 1465 λείπεται
906 1412 984 1464 ἔτι
1032 1406 1062 1464 ὁ
1109 1407 1346 1480 χρόνος.’
1381 1413 1389 1476 Ι
1425 1406 1581 1480 “εἷεν,
1635 1402 1680 1466 ὦ
1731 1410 1930 1483 ἑταῖρε·

243 1497 562 1569 άπόλλυμεν
614 1497 677 1554 δὲ
723 1495 895 1562 αὐτὰς
945 1498 1006 1552 ἐν
1055 1501 1197 1571 ποίῳ
1245 1495 1395 1572 ἄλλῳ
1443 1496 1654 1573 χρόνῳς
1710 1496 1779 1554 οὐ
1823 1497 1930 1570 γὰρ

244 1586 313 1658 δὴ
362 1587 578 1658 ἔχοντές
629 1606 692 1656 γε
738 1582 911 1650 αὐτὰς
954 1583 1293 1656 γιγνόμεθα,
1349 1582 1422 1649 ὡς
1477 1582 1602 1656 ἄρτι
1648 1583 1932 1658 ὡμολογή-

243 1690 437 1746 σαμεν·
486 1671 521 1745 ἢ
563 1675 624 1730 ἐν
669 1672 847 1747 τούτῳ
896 1670 1241 1744 ἄπόλλυμεν,
1289 1675 1349 1729 ἐν
1398 1666 1544 1748 ᾧπερ
1591 1673 1684 1728 καὶ
1722 1674 1930 1746 λαμβά-

240 1785 437 1834 νομεν;
484 1758 520 1834 ἢ
562 1765 700 1834 ἔχεις
738 1760 913 1816 ἄλλον
951 1759 1077 1816 τινὰ
1118 1763 1291 1816 εἰπεῖν
1330 1761 1584 1834 χρόνον;’
1633 1760 1928 1835 “οὐδαμῶς,

241 1843 286 1905 ὦ
326 1850 638 1922 Σώκρατες,
679 1847 820 1904 ἀλλὰ
859 1852 1068 1904 ἔλαθον
1109 1847 1349 1920 ἐμαυτὸν
1390 1846 1560 1904 οὐδὲν
1599 1850 1805 1907 εἰπών)

387 1940 560 1993 XXII.
600 1931 737 2010 ‘'AQ'
784 1930 889 1993 οὖν
931 1935 1105 2002 οὕτως
1145 1938 1293 2008 ἕχει,’
1333 1940 1457 2008 ἔφη,
1500 1935 1669 2010 “ἡμῖν,
1709 1932 1754 1995 ὦ
1789 1945 1927 2012 Σιμ-

241 2031 366 2098 μία;
423 2029 474 2082 εἰ
526 2025 628 2097 μὲν
684 2030 833 2081 ἔστιν
886 2022 921 2080 ἃ
977 2028 1302 2097 θρυλοῦμεν
1351 2023 1461 2096 ἀεί,
1515 2026 1688 2083 καλόν
1733 2048 1792 2083 τε
1835 2028 1928 2083 καὶ

240 2112 463 2185 ἀγαθὸν
509 2114 600 2169 καὶ
649 2117 798 2169 πᾶσα
843 2111 878 2184 ἡ
925 2113 1152 2184 τοιαύτη
1202 2112 1392 2184 οὐσία,
1446 2113 1539 2168 καὶ
1586 2114 1673 2170 ἐπὶ
1720 2114 1927 2187 ταύτην

240 2201 307 2257 τὰ
353 2205 412 2258 ἐκ
457 2206 570 2258 τῶν
618 2201 939 2272 αἰσθήσεων
986 2201 1166 2256 πάντα
1213 2199 1593 2274 ἆναφέρομεν,
1646 2200 1924 2276 ὑπάρχου-

187 2297 349 2345 Εσαν
382 2289 393 2362 Ι
425 2289 699 2361 πρότερον
760 2287 1180 2361 ἀνευρίσκοντες
1238 2287 1509 2362 ἡμετέραν
1571 2284 1773 2362 οὖσαν,
1833 2292 1923 2347 καὶ

239 2381 411 2432 ταῦτα
459 2379 638 2450 ἐκείνῃ
687 2374 1075 2448 ἀπεικάζομεν,
1123 2375 1455 2447 ἀναγκαῖον,
1513 2376 1688 2443 οὕτως
1742 2377 1923 2452 ὥσπερ

237 2466 330 2520 καὶ
367 2468 539 2520 ταῦτα
579 2468 747 2534 ἔστιν,
788 2462 964 2529 οὕτως
1000 2465 1093 2518 καὶ
1131 2462 1234 2534 τὴν
1264 2462 1534 2537 ἡμετέραν
1565 2464 1750 2537 ψυχὴν
1781 2465 1925 2523 εἶναι

236 2552 330 2607 καὶ
368 2552 502 2624 πρὶν
540 2552 830 2621 γεγονέναι
869 2549 1033 2622 ἡμᾶς·
1073 2554 1124 2607 εί
1162 2550 1223 2607 δὲ
1262 2550 1335 2622 μὴ
1373 2555 1486 2607 ἔστι
1517 2555 1707 2624 ταῦτα,
1746 2552 1926 2621 ἄλλως

237 2637 309 2697 ἂν
349 2638 379 2696 ὅ
420 2639 586 2710 λόγος
625 2631 787 2704 οὗτος
826 2640 1113 2711 εἰρημένος
1152 2645 1262 2710 εἴης
1310 2633 1402 2711 ἆρ’
1447 2639 1623 2706 οὕτως
1661 2645 1794 2714 ἔχει,
1831 2643 1924 2698 καὶ

237 2734 328 2798 ἴση
377 2725 590 2798 ἀνάγκη
637 2725 808 2783 ταῦτά
855 2748 913 2782 τε
960 2724 1103 2782 εἶναι
1157 2727 1249 2782 καὶ
1295 2727 1393 2793 τὰς
1438 2726 1702 2801 ἡμετέρας
1747 2728 1924 2802 ψυχὰς

236 2815 368 2888 πρὶν
399 2815 492 2870 καὶ
522 2813 669 2886 ἡμᾶς
698 2815 1007 2901 γεγονέναι,
1044 2814 1137 2870 καὶ
1170 2817 1221 2870 εἰ
1250 2813 1323 2887 μὴ
1355 2819 1545 2887 ταῦτα,
1581 2816 1715 2873 οὐδὲ
1746 2817 1876 2874 τάδε
1886 2819 1922 2883 3'
