2020 3198
232 197 340 250 134
905 202 1241 246 ΠΛΑΤΩΝΟΣ

172 319 424 387 Εθῶμεν
475 316 570 372 καὶ
623 316 696 390 μὴ
753 324 1035 391 παρίωμεν
1090 324 1168 386 είς
1219 322 1324 392 τὴν
1365 320 1621 393 Ιψυχήν,
1675 319 1752 389 ῶς
1802 325 1917 378 τῶν

228 403 414 475 λόγων
437 405 754 462 κινδυνεύει
781 405 949 464 οὐδὲν
974 405 1127 479 ὑγιὲς
1153 406 1315 479 εἶναι,
1351 406 1491 464 ἀλλὰ
1518 407 1661 465 πολὺ
1685 412 1916 481 μᾶλλον,

230 489 316 548 ὅτι
361 490 517 564 ἡμεῖς
565 492 719 551 οὔπω
765 493 941 567 ὑγιῶς
988 500 1210 568 ἔχομεν,
1259 494 1399 552 ἀλλὰ
1449 495 1780 570 ἀνδριστέον
1825 499 1918 554 καὶ

228 583 623 653 προθυμητέον
654 581 828 654 ὑγιῶς
859 588 1023 656 ἔχειν,
1065 584 1154 640 σοὶ
1186 584 1288 655 μὲν
1320 578 1426 641 οὖν
1457 586 1550 641 καὶ
1582 597 1699 653 τοῖς
1730 585 1918 652 ἄλλοις

229 669 323 723 καὶ
371 673 472 725 τοῦ
527 674 710 727 ἔπειτα
764 675 893 741 βίου
945 670 1155 737 παντὸς
1208 673 1394 744 ἕνεκα,
1451 673 1574 744 ἐμοὶ
1628 674 1691 730 δὲ
1743 672 1917 731 αὐτοῦ

155 770 212 811 91
232 760 391 814 ἕνεκα
443 762 546 815 τοῦ
588 761 597 831 Ι
644 759 923 816 θανάτου·
987 758 1063 826 ῶς
1123 760 1438 817 κινδυνεύω
1504 765 1676 833 ἔγωγε
1730 765 1791 819 ἐν
1841 766 1917 839 τῷ

229 846 466 919 παρόντι
504 847 630 920 περὶ
671 846 845 904 αὐτοῦ
884 847 1090 904 τούτου
1130 847 1198 905 οὐ
1231 849 1561 921 φιλοσόφως
1592 854 1754 922 ἔχειν,
1793 849 1914 907 ἀλλ’

231 931 414 1007 ῶσπερ
441 936 499 990 oc
518 934 668 991 πάνυ
693 933 1019 991 ἀπαίδευτοι
1044 941 1388 1007 φιλονείκως.
1465 936 1558 991 καὶ
1582 935 1691 1009 γὰρ
1717 939 1919 994 ἐκεῖνοι

233 1020 368 1077 ὅταν
408 1028 538 1095 περί
570 1045 672 1080 του
711 1022 1163 1095 ἀμφισβητῶσιν,
1213 1023 1319 1098 ὅπῃ
1369 1024 1470 1096 μὲν
1520 1028 1628 1097 ἔχει
1674 1026 1800 1098 περὶ
1839 1019 1920 1082 ῶν

234 1107 306 1166 ἂν
354 1109 384 1167 ὁ
431 1110 598 1182 λόγος
642 1104 704 1182 ᾖ,
753 1110 821 1167 οὐ
869 1116 1288 1183 φροντίζουσιν,
1345 1110 1492 1178 ὅπως
1546 1112 1630 1182 δέ,
1678 1111 1714 1168 ὁὶ
1761 1112 1921 1170 αὐτοὶ

233 1203 447 1270 ἔθεντο,
472 1203 644 1255 ταῦτα
669 1199 818 1268 δόξει
841 1211 956 1266 τοῖς
980 1204 1277 1273 παροῦσιν,
1294 1203 1460 1256 τοῦτο
1479 1205 1921 1272 προθυμοῦνται.

233 1287 326 1343 καὶ
376 1288 483 1359 ἐγώ
535 1311 630 1360 μοι
686 1292 832 1344 δοκῶ
891 1291 951 1345 έν
1006 1292 1081 1364 τῷ
1137 1288 1372 1361 παρόντι
1421 1292 1694 1345 τοσοῦτον
1743 1290 1922 1361 μόνον

235 1377 465 1432 ἐκείνων
505 1380 761 1433 διοίσειν·
811 1374 879 1432 οὐ
916 1375 1024 1448 γὰρ
1066 1374 1214 1442 ὅπως
1251 1385 1369 1442 τοῖς
1405 1380 1700 1449 παροῦσιν,
1740 1375 1775 1432 ἃ
1817 1377 1921 1450 ἐγώ

234 1467 401 1535 λέγω,
443 1465 577 1538 δόξῃ
619 1463 805 1536 ἀληθῆ
847 1462 990 1520 εἶναι
1036 1464 1581 1538 προθυμηθήσομαι,
1629 1468 1681 1521 εἰ
1724 1464 1798 1538 μὴ
1839 1473 1922 1537 εἴη

235 1553 535 1626 πάρεργον,
588 1553 709 1610 ἀλλ’
771 1552 919 1620 ὅπως
974 1552 1124 1630 αὐτῷ
1181 1554 1302 1624 ἐμοὶ
1358 1552 1444 1609 ὅτι
1498 1553 1734 1625 μάλιστα
1789 1554 1923 1628 δόξῃ

179 1640 415 1708 Βοῦτως
453 1646 611 1715 ἔχειν.
647 1649 654 1711 Ι
689 1648 974 1715 λογίζομαι
1011 1642 1138 1715 γάρ,
1179 1635 1223 1698 ὦ
1256 1646 1383 1712 φίλε
1416 1642 1597 1715 ἑταῖρε
1633 1675 1694 1683 —-
1722 1643 1924 1698 θέασαι

238 1727 312 1796 ὥς
357 1734 755 1797 πλεονεκτικῶς
804 1764 867 1772 --
919 1734 969 1787 εἰ
1015 1730 1116 1802 μὲν
1162 1730 1422 1802 τυγχάνει
1469 1729 1656 1802 ἀληθῆ
1705 1727 1842 1786 ὄντα
1889 1727 1923 1785 ἃ

235 1819 398 1889 λέγω,
436 1821 616 1884 καλῶς
655 1817 724 1890 δὴ
765 1823 874 1891 ἔχει
911 1817 974 1874 τὸ
1015 1822 1339 1890 πεισθῆναι·
1386 1821 1437 1875 εἰ
1483 1817 1546 1874 δὲ
1591 1818 1766 1890 μηδέν
1813 1819 1925 1874 ἐστι

234 1905 648 1978 τελευτήσαντι,
696 1905 817 1962 ἀλλ’
863 1899 967 1963 οὖν
1006 1905 1210 1962 τοῦτόν
1249 1927 1311 1976 γε
1349 1903 1450 1961 τὸν
1497 1905 1705 1978 χρόνον
1753 1903 1927 1962 αὐτὸν

237 1994 339 2051 τὸν
393 1997 499 2067 πρὸ
555 1998 656 2050 τοῦ
711 1995 966 2051 θανάτου
1020 1987 1186 2065 ἦττον
1241 2003 1358 2060 τοῖς
1420 1996 1696 2066 παροῦσιν
1751 1991 1929 2065 ἀηδὴς

239 2088 437 2155 ἔσομαι
483 2081 840 2157 ὀδυρόμενος.
915 2081 950 2154 ἡ
1000 2082 1062 2139 δὲ
1108 2080 1311 2152 ἄγνοια
1360 2103 1455 2152 μοι
1502 2079 1640 2153 αῦτη
1689 2079 1758 2138 οὐ
1807 2083 1930 2149 ξυν-

243 2176 496 2244 διατελεῖ,
535 2171 708 2228 κακὸν
748 2171 855 2244 γὰρ
896 2168 969 2227 ἂν
1007 2164 1097 2243 ἦν,
1139 2168 1260 2226 ἀλλ’
1306 2168 1498 2241 ὀλίγον
1529 2167 1765 2242 ὕστερον
1796 2166 1931 2226 ἀπο-

242 2267 430 2317 λεῖται.
505 2261 1019 2333 παρεσκευασμένος
1057 2258 1165 2330 δή,’
1214 2262 1339 2330 ἔφη,
1387 2250 1452 2314 (ὦ
1492 2262 1707 2329 Σιμμία
1743 2278 1802 2314 τε
1838 2257 1930 2318 καὶ

243 2349 447 2420 Κέβης,
486 2346 693 2406 οὑτωσὶ
733 2353 960 2422 ἔρχομαι
1000 2347 1087 2403 ἐπὶ
1133 2345 1234 2402 τὸν
1281 2344 1476 2416 λόγον·
1521 2342 1679 2416 ὑμεῖς
1723 2345 1930 2416 μέντοι,

194 2433 317 2492 Οόὶν
349 2436 471 2508 ἐμοὶ
502 2440 796 2506 πείθησθε,
830 2433 1065 2507 σμικρὸν
1100 2441 1107 2500 Ι
1143 2438 1542 2505 φροντίσαντες
1578 2433 1931 2504 Σωκράτους,

241 2526 342 2595 τῆς
380 2522 443 2579 δὲ
482 2521 749 2592 ἀληθείας
785 2521 927 2577 πολὺ
968 2525 1199 2593 μᾶλλον,
1241 2520 1339 2576 ἐὰν
1380 2521 1481 2591 μέν
1519 2542 1571 2575 τι
1609 2517 1745 2591 ὑμῖν
1785 2523 1931 2576 δοκῶ

246 2610 452 2683 ἀληθὲς
490 2611 689 2682 λέγειν,
731 2608 1235 2681 συνομολογήσατε,
1275 2611 1326 2664 εί
1366 2607 1428 2663 δὲ
1459 2608 1551 2679 μή,
1591 2608 1756 2663 παντὶ
1787 2607 1933 2683 λόγῳ

247 2699 600 2769 ἀντιτείνετε,
657 2696 1106 2769 [εὐλαβούμενοι]
1166 2694 1313 2761 ὅπως
1370 2695 1443 2767 μὴ
1493 2695 1599 2767 ἐγὼ
1647 2693 1756 2751 ὑπὸ
1805 2715 1934 2765 προ-

247 2792 455 2860 θυμίας
494 2785 607 2858 ἅμα
648 2785 890 2857 ἐμαυτόν
936 2807 994 2841 τε
1039 2784 1132 2840 καὶ
1179 2782 1324 2855 ὑμᾶς
1372 2782 1714 2854 ἐξαπατήσας
1751 2780 1935 2852 ῶσπερ

249 2877 467 2948 μέλιττα
506 2875 569 2931 τὸ
610 2876 842 2946 κέντρον
883 2870 1261 2945 ἐγκαταλιπὼν
1302 2870 1612 2942 οἰχήσομαι.
