2020 3198
225 177 298 229 34
896 179 1233 223 ΠΑΑΤῼΝΟΣ

170 293 552 351 Εδοκούντων
599 296 934 368 σοφωτέρων
981 294 1152 367 εἶναι,
1204 300 1303 350 καί
1351 318 1446 367 μοι
1473 297 1481 368 Ι
1506 294 1678 353 ταύτὰ
1730 301 1901 354 ταῦτα

223 383 397 449 ἔδοξε·
434 383 527 438 καὶ
574 385 820 439 ἐνταῦθα
865 382 1103 458 κάκείνῳ
1143 383 1234 438 καὶ
1277 382 1466 450 ἄλλοις
1505 390 1732 451 πολλοῖς
1768 383 1900 456 ἄπη-

221 470 460 542 χθόμην.

369 560 490 615 VII.
566 558 724 615 Μετὰ
756 557 908 615 ταῦτ’
945 553 1049 616 οὖν
1080 558 1188 631 ἤδη
1223 562 1417 631 ἐφεξῆς
1446 554 1538 633 ᾖα,
1571 561 1901 632 αἰσθανόμε-

220 669 319 712 νος
357 645 459 718 μὲν
497 647 589 702 καὶ
627 647 975 719 λυπούμενος
1005 648 1098 703 καὶ
1131 647 1326 714 δεδιὼς
1359 647 1443 704 ὅτι
1474 647 1900 720 ἀπηχθανόμην,

223 732 370 806 ὅμως
402 735 464 791 δὲ
494 733 799 805 ἀναγκαῖον
833 735 1013 792 ἐδόκει
1038 734 1180 791 εἶναι
1203 735 1265 791 τὸ
1298 739 1398 792 τοῦ
1428 740 1570 792 θεοῦ
1601 737 1725 810 περὶ
1755 742 1902 793 πλεί-

222 838 356 878 στου
394 832 698 879 ποιεῖσθαι·
740 824 886 880 ἰτέον
926 816 1030 879 οὖν
1069 827 1370 879 σκοποῦντι
1401 822 1501 880 τὸν
1540 824 1810 896 χρησμόν,
1848 830 1906 881 τί

221 913 384 982 λέγει,
425 913 512 968 ἐπὶ
551 911 795 978 ἅπαντας
831 912 962 978 τούς
998 933 1051 966 τι
1091 915 1393 977 δοκοῦντας
1433 913 1653 968 εἰδέναι.
1699 913 1791 968 καὶ
1829 912 1902 984 νὴ

147 1008 204 1049 22
220 998 320 1055 τὸν
350 1002 517 1071 κύνα,
558 994 602 1056 ὦ
635 999 836 1072 ἄνδρες
863 1000 868 1074 Ι
893 998 1185 1071 Ἀθηναῖοι
1213 1033 1276 1040 —-
1313 1004 1401 1055 δεῖ
1435 999 1542 1073 γὰρ
1581 999 1720 1073 πρὸς
1757 999 1902 1072 ὑμᾶς

220 1085 438 1158 τάληθῆ
477 1088 657 1157 λέγειν
694 1121 757 1128 --
791 1081 826 1158 ἦ
866 1086 976 1159 μὴν
1017 1087 1122 1159 ἐγώ
1171 1087 1386 1143 ἔπαθόν
1431 1108 1484 1143 τι
1528 1091 1807 1144 τοιοῦτον·
1847 1091 1906 1144 οί

220 1175 323 1246 μὲν
369 1176 603 1246 μάλιστα
649 1175 1074 1246 εὐδοκιμοῦντες
1127 1175 1325 1242 ἔδοξάν
1381 1197 1475 1246 μοι
1532 1173 1726 1246 ὀλίγου
1781 1179 1902 1232 δεῖν

219 1266 322 1319 τοῦ
366 1268 627 1320 πλείστου
673 1266 877 1329 ἐνδεεῖς
924 1261 1067 1320 εἶναι
1116 1267 1367 1335 ζητοῦντι
1411 1262 1548 1318 κατὰ
1595 1262 1696 1319 τὸν
1741 1263 1902 1335 θεόν,

220 1349 379 1406 ἄλλοι
434 1351 495 1408 δὲ
556 1354 851 1418 δοκοῦντες
912 1350 1248 1424 φαυλότεροι
1312 1352 1697 1423 ἐπιεικέστεροι
1757 1350 1902 1408 εἶναι

220 1438 422 1509 ἄνδρες
450 1437 589 1512 πρὸς
617 1439 679 1495 τὸ
714 1444 1001 1511 φρονίμως
1032 1443 1190 1509 ἔχειν.
1230 1442 1318 1494 δεῖ
1346 1437 1415 1510 δὴ
1455 1436 1590 1510 ὑμῖν
1627 1440 1731 1510 τὴν
1763 1439 1901 1512 ἐμὴν

219 1527 438 1598 πλάνην
478 1530 741 1594 ἐπιδεῖξαι
780 1526 962 1599 ὥσπερ
1002 1527 1210 1592 πόνους
1247 1526 1402 1592 τινὰς
1439 1531 1766 1599 πονοῦντος,
1806 1531 1901 1584 ’ἵνα

220 1638 315 1687 μοι
372 1616 466 1670 καὶ
525 1614 850 1686 άνέλεγκτος
909 1613 943 1686 ἡ
1003 1619 1235 1686 μαντεία
1297 1616 1533 1686 γένοιτο.
1597 1617 1730 1686 μετὰ
1792 1615 1901 1689 γὰρ

219 1703 349 1770 τοὺς
401 1702 714 1769 πολιτικοὺς
765 1698 839 1776 ᾖα
895 1704 982 1759 ἐπὶ
1034 1702 1166 1768 τοὺς
1217 1701 1446 1774 ποιητὰς
1498 1702 1630 1769 τούς
1683 1724 1741 1759 τε
1785 1707 1902 1760 τῶν

220 1795 546 1867 τραγῳδιῶν
577 1793 669 1846 καὶ
698 1790 828 1856 τοὺς
857 1794 970 1847 τῶν
1003 1791 1373 1864 διθυράμβων
1404 1790 1496 1845 καὶ
1526 1789 1656 1856 τοὺς
1678 1789 1899 1863 ἄλλους,

162 1896 201 1940 Β
224 1879 317 1956 Ιῶς
372 1882 618 1936 ἐνταῦθα
665 1877 747 1935 ἐπ’
801 1877 1110 1952 αὐτοφώρῳ
1156 1878 1608 1950 καταληψόμενος
1660 1877 1899 1949 ἐμαυτὸν

220 1968 604 2040 ἀμαθέστερον
645 1969 871 2023 ἐκείνων
913 1966 1061 2023 ὅντα.
1116 1965 1529 2038 ἀναλαμβάνων
1569 1959 1674 2022 οὖν
1713 1964 1899 2022 αὐτῶν

219 2058 286 2112 τὰ
325 2055 624 2127 ποιήματα,
671 2054 707 2110 ἅ
747 2077 841 2126 μοι
881 2054 1061 2110 ἐδόκει
1100 2054 1335 2125 μάλιστα
1372 2058 1900 2128 πεπραγματεῦσθαι

220 2143 426 2214 αὐτοῖς,
468 2142 755 2215 διηρώτων
794 2140 867 2198 ἂν
908 2141 1130 2212 αὐτούς,
1169 2148 1228 2198 τί
1269 2145 1511 2214 λέγοιεν,
1557 2141 1633 2199 ἵν’
1684 2140 1796 2213 ἅμα
1845 2163 1898 2197 τι

219 2233 311 2288 καὶ
364 2231 711 2303 μανθάνοιμι
769 2228 899 2299 παρ’
960 2229 1162 2287 αὐτῶν.
1225 2231 1560 2303 αἰσχύνομαι
1614 2225 1718 2287 οὖν
1762 2228 1898 2302 ὑμῖν

219 2323 413 2389 εἰπεῖν,
454 2312 495 2374 ὦ
536 2318 753 2389 ἄνδρες,
792 2316 1010 2388 τάληθῆ
1024 2335 1033 2346 ·
1075 2316 1222 2388 ὅμως
1261 2317 1321 2373 δὲ
1372 2319 1584 2389 ῥητέον.
1648 2316 1723 2383 ὡς
1769 2322 1898 2383 ἔπος

219 2405 326 2479 γὰρ
380 2409 553 2462 εἰπεῖν
609 2405 803 2476 ὀλίγου
857 2405 1043 2461 αὐτῶν
1106 2404 1342 2471 ἅπαντες
1396 2408 1455 2461 οἰ
1502 2405 1772 2478 παρόντες
1824 2402 1897 2461 ἂν

220 2496 438 2566 βέλτιον
486 2499 676 2564 ἔλεγον
723 2494 847 2566 περὶ
897 2486 976 2548 ὧν
1024 2492 1184 2548 αὐτοὶ
1230 2492 1641 2564 ἐπεποιήκεσαν.
1718 2497 1897 2564 ἔγνων

221 2574 326 2638 οὖν
378 2583 470 2636 καὶ
508 2582 633 2654 περὶ
678 2585 792 2637 τῶν
838 2584 1083 2652 ποιητῶν
1124 2583 1183 2636 έν
1225 2579 1393 2655 ὀλίγςο
1442 2585 1633 2651 τοῦτο,
1690 2579 1775 2636 ὅτι
1827 2578 1895 2636 οὐ

168 2673 393 2743 Οσοφίᾳ
421 2668 427 2742 Ι
453 2680 667 2725 ποιοῖεν
707 2667 742 2724 ἃ
774 2680 1014 2739 ποιοῖεν,
1053 2666 1192 2724 ἀλλὰ
1227 2668 1394 2738 φύσει
1425 2668 1536 2723 τινὶ
1567 2669 1659 2724 καὶ
1698 2670 1896 2724 ἐνθου-

221 2756 523 2826 σιάζοντες,
579 2755 760 2828 ὥσπερ
818 2758 876 2812 οἰ
923 2756 1251 2827 θεομάντεις
1301 2756 1394 2812 καὶ
1449 2758 1507 2812 οί
1556 2758 1897 2831 χρησμῳδοί·

217 2844 311 2899 καὶ
348 2842 455 2915 γὰρ
496 2837 650 2898 οὗτοι
689 2844 913 2913 λέγουσι
945 2844 1046 2915 μὲν
1077 2842 1250 2899 πολλὰ
1289 2843 1380 2898 καὶ
1411 2842 1570 2915 καλά,
1610 2850 1795 2899 ἴσασιν
1835 2841 1897 2898 δὲ
