2020 3198
249 167 353 222 168
916 173 1252 215 ΠΛΑΤΩΝΟΣ

184 285 470 343 Βτεύουσι
537 287 631 344 καὶ
685 288 908 345 δέονται
949 291 957 360 Ι
1003 292 1162 345 ἐᾶσαι
1217 292 1364 361 σφᾶς
1418 291 1647 360 ἐκβῆναι
1699 291 1779 356 εἰς
1829 285 1931 360 τὴν

244 379 450 448 λίμνην
473 377 566 432 καὶ
599 377 884 448 δέξασθαι,
907 378 1000 433 καὶ
1032 377 1131 434 ἐὰν
1163 377 1264 449 μὲν
1296 381 1581 449 πείσωσιν,
1614 379 1934 449 ἐκβαίνουσί

245 484 304 519 τε
341 463 433 519 καὶ
470 463 705 535 λήγουσι
741 468 856 521 τῶν
893 469 1099 536 κακῶν,
1139 469 1191 522 εἰ
1228 465 1290 522 δὲ
1328 465 1422 538 μή,
1460 467 1726 538 φέρονται
1765 458 1934 531 αὖθις

247 554 326 616 είς
369 549 469 607 τὸν
513 551 804 626 Τάρταρον
848 554 941 609 καὶ
987 556 1205 609 ἐκεῖθεν
1251 553 1420 610 πάλιν
1470 557 1548 620 εἰς
1592 553 1724 621 τοὺς
1768 573 1932 611 ποτα-

247 638 412 711 μούς,
465 640 559 695 καὶ
611 644 784 696 ταῦτα
837 640 1140 713 πάσχοντες
1194 641 1263 698 οὐ
1317 641 1591 716 πρότερον
1641 641 1933 715 παύονται,

247 727 381 801 πρὶν
431 724 503 783 ἄν
552 732 819 785 πείσωσιν
871 726 969 795 οὓς
1017 727 1315 801 ἠδίκησαν·
1366 728 1505 801 αὕτη
1557 729 1664 803 γὰρ
1719 729 1755 802 ἡ
1807 735 1933 804 δίκη

247 813 358 872 ὑπὸ
389 818 503 872 τῶν
535 819 811 873 δικασηὸν
843 816 1033 883 αὐτοῖς
1066 817 1288 890 ἐτάχθη.
1344 822 1402 874 οἳ
1430 817 1492 874 δὲ
1523 816 1593 889 δὴ
1626 814 1698 874 ἂν
1731 820 1935 888 δόξωσι

250 904 631 978 διαφερόντως
679 905 819 979 πρὸς
866 905 928 963 τὸ
981 904 1147 972 ὁσίως
1196 909 1422 977 βιῶναι,
1482 899 1647 963 οὗτοί
1690 911 1833 964 εἰσιν
1880 911 1939 966 οἷ

249 996 427 1050 τῶνδε
474 993 576 1066 μὲν
614 997 728 1051 τῶν
765 994 953 1051 τόπων
998 998 1111 1051 τῶν
1151 997 1212 1051 ἐν
1257 998 1323 1068 τῇ
1370 998 1440 1068 γῇ
1474 995 1940 1069 ἐλευθερούμενοί

198 1086 309 1139 Οτε
345 1083 438 1139 καὶ
477 1081 954 1155 ἀπαλλαττόμενοι
997 1082 1179 1155 ὥσπερ
1219 1087 1638 1156 δεσμωτηρίων,
1672 1091 1682 1153 Ι
1715 1083 1833 1141 ἄνω
1874 1087 1936 1143 δὲ

251 1174 330 1238 εἰς
381 1170 484 1242 τὴν
529 1170 791 1245 καθαρὰν
839 1178 1057 1243 οἴκησιν
1112 1163 1515 1243 ἀφικνούμενοι
1564 1173 1658 1228 καὶ
1704 1173 1791 1230 ἐπὶ
1835 1178 1938 1246 γῆς

253 1258 599 1331 οίκιζόμενοι,
676 1259 888 1316 τούτων
937 1259 999 1316 δὲ
1045 1257 1231 1316 αὐτῶν
1279 1262 1338 1315 oc
1380 1263 1689 1334 φιλοσοφίᾳ
1735 1263 1938 1329 ἱκανῶς

251 1347 638 1421 καθηράμενοι
683 1347 820 1404 ἄνευ
864 1370 923 1404 τε
969 1348 1240 1420 σωμάτων
1294 1351 1421 1415 ζῶσι
1458 1346 1521 1405 τὸ
1560 1347 1821 1421 παράπαν
1860 1354 1939 1418 εἰς

251 1435 353 1493 τὸν
393 1440 576 1493 ἔπειτα
618 1436 857 1509 χρόνον,
896 1437 989 1492 καὶ
1032 1441 1110 1503 εἰς
1153 1436 1394 1508 οἰκήσεις
1430 1440 1509 1493 ἔτι
1554 1436 1769 1494 τούτων
1810 1446 1938 1495 καλ-

254 1528 409 1591 λίους
456 1523 851 1597 ἀφικνοῦνται,
906 1523 972 1591 ἃς
1019 1525 1147 1581 οὔτε
1194 1525 1396 1600 ῥᾴδιον
1444 1529 1691 1598 δηλῶσαι
1738 1525 1867 1584 οὔτε
1906 1526 1937 1585 ὁ

252 1612 457 1687 χρόνος
496 1612 687 1679 ἱκανὸς
725 1614 786 1670 ἐν
824 1615 898 1689 τῷ
939 1613 1189 1687 παρόντι.
1257 1613 1397 1670 ἀλλὰ
1428 1613 1644 1670 τούτων
1677 1615 1746 1686 δὴ
1780 1616 1939 1672 ἕνεκα

253 1700 358 1775 χρὴ
414 1694 495 1759 ὧν
542 1703 978 1774 διεληλύθαμεν,
1024 1695 1069 1759 ὦ
1117 1707 1348 1774 Σιμμία,
1386 1705 1500 1758 πᾶν
1545 1712 1752 1774 ποιεῖν,
1799 1702 1939 1760 ὥστε

254 1788 451 1863 ἀρετῆς
496 1790 590 1845 καὶ
640 1790 967 1863 φρονήσεως
1021 1792 1081 1846 ἐν
1127 1792 1202 1864 τῷ
1256 1795 1360 1866 βίῳ
1407 1799 1719 1863 μετασχεῖν·
1763 1790 1938 1848 καλὸν

253 1877 362 1951 γὰρ
401 1877 463 1934 τὸ
505 1872 688 1935 ἆθλον
727 1879 820 1934 καὶ
858 1876 894 1950 ἡ
935 1878 1085 1944 ἐλπὶς
1124 1877 1348 1950 μεγάλη.

192 1969 235 2014 D
402 1967 594 2022 LXIII.
662 1965 738 2023 Τὸ
779 1966 881 2038 μὲν
921 1959 1027 2023 οὖν
1057 1970 1286 2023 τοιαῦτα
1319 1972 1327 2035 Ι
1363 1970 1820 2040 διισχυρίσασθαι
1853 1967 1933 2024 οὕ-

253 2075 361 2120 τως
399 2057 569 2126 ἔχειν,
610 2052 684 2120 ὥς
723 2054 828 2125 ε’γιὸ
871 2054 1202 2126 διελήλυθα,
1242 2053 1311 2110 οὐ
1349 2055 1541 2127 πρέπει
1577 2058 1721 2111 νοῦν
1760 2059 1942 2127 ἔχοντι

255 2140 444 2215 ἀνδρί·
493 2140 579 2198 ὅτι
617 2143 808 2214 με’ντοι
845 2140 880 2215 ἢ
920 2141 1075 2199 ταῦτ’
1120 2142 1270 2198 ἐστὶν
1315 2139 1350 2214 ἢ
1389 2140 1599 2198 τοιαῦτ’
1643 2141 1779 2199 ἄττα
1816 2144 1943 2217 περὶ

254 2229 351 2296 τὰς
387 2229 568 2302 ψυχὰς
605 2228 764 2303 ἡμῶν
809 2232 902 2287 καὶ
940 2230 1037 2297 τὰς
1076 2230 1340 2302 οἰκήσεις,
1392 2233 1611 2304 ἐπείπερ
1651 2230 1942 2288 ἀθάνατόν

254 2340 317 2390 γε
369 2316 404 2390 ἡ
459 2318 606 2390 ψυχὴ
664 2324 922 2390 φαίνεται
977 2312 1144 2390 οὖσα,
1201 2323 1365 2375 τοῦτο
1419 2319 1513 2374 καὶ
1566 2320 1793 2390 πρέπειν
1848 2341 1942 2391 μοι

258 2411 414 2463 δοκεῖ
463 2407 555 2462 καὶ
618 2406 776 2474 ἄξιον
830 2410 1193 2462 κινδυνεῦσαι
1256 2407 1491 2481 οἰομένῳ
1547 2405 1723 2472 οὕτως
1775 2410 1942 2479 ἔχειν·

255 2494 424 2560 καλὸς
475 2492 582 2567 γὰρ
640 2492 669 2550 ὃ
726 2498 1010 2560 κίνδυνος·
1063 2494 1156 2549 καὶ
1208 2493 1311 2566 χρὴ
1368 2494 1433 2549 τὰ
1486 2499 1715 2551 τοιαῦτα
1760 2493 1944 2568 ὥσπερ

257 2582 484 2656 ἐπᾴδειν
524 2582 727 2658 ἑαυτῷ,
775 2582 863 2638 διὸ
914 2582 982 2654 δὴ
1031 2585 1200 2653 ἔγωγε
1238 2581 1330 2636 καὶ
1369 2582 1539 2638 πάλαι
1576 2581 1805 2654 μηκύνω
1843 2581 1944 2639 τὸν

256 2674 464 2745 μῦθον.
541 2668 681 2726 ἄλλα
720 2669 936 2726 τούτων
977 2670 1046 2741 δὴ
1088 2670 1249 2725 ἕνεκα
1286 2677 1525 2743 θαρρεῖν
1571 2669 1676 2744 χρὴ
1716 2670 1841 2741 περὶ
1878 2671 1945 2743 τῇ

259 2761 463 2816 ἑαυτοῦ
498 2761 647 2832 ψυχῇ
686 2756 893 2830 ἄνδρα,
945 2755 1096 2823 ὅστις
1142 2759 1203 2813 ἐν
1242 2760 1317 2834 τῷ
1358 2762 1462 2830 βίῳ
1501 2756 1599 2824 τὰς
1638 2758 1738 2829 μὲν
1777 2757 1947 2824 ἄλλας

180 2856 219 2901 Ε
259 2845 471 2920 ἡδονὰς
504 2851 511 2915 Ι
545 2845 641 2913 τὰς
692 2846 817 2917 περὶ
870 2843 933 2902 τὸ
989 2848 1146 2915 σῶμα
1194 2845 1287 2900 καὶ
1332 2844 1464 2911 τοὺς
1507 2845 1751 2917 κόσμους
1798 2851 1946 2903 εἴασε
