2020 3198
234 164 344 216 212
892 161 1228 204 ΠΛΑΤΩΝΟΣ
1860 167 1918 206 38
2008 136 2014 142 ⁴

381 279 547 334 EPM.
609 282 738 333 Ναί.

383 367 499 420 ΣΩ.
570 371 747 421 Τοῦτο
795 365 1246 437 ἐμβριθέστερον,
1301 363 1345 420 ὦ
1399 369 1541 436 φίλε.
1597 366 1805 421 ἐοίκασι
1847 369 1916 437 δὴ

234 455 326 509 καὶ
381 456 440 509 oc
491 453 716 508 παλαιοὶ
763 454 866 521 τὴν
910 449 1152 523 Ἀθηνᾶν
1196 456 1439 523 νομίζειν
1484 455 1666 524 ὥσπερ
1713 455 1772 508 οἷ
1811 462 1919 508 νῦν

169 557 207 602 Β
238 541 363 614 περὶ
388 541 633 613 ’Όμηρον
673 543 863 596 δεινοί.
925 540 1017 595 καὶ
1054 543 1160 612 γὰρ
1198 543 1411 595 τούτων
1448 542 1506 595 οἶ
1535 541 1542 613 Ι
1576 541 1773 596 πολλοὶ
1802 541 1919 612 ἐξη-

233 632 500 699 γούμενοι
544 631 643 683 τὸν
690 631 924 698 ποιητήν
972 643 1110 698 φασι
1153 630 1255 698 τὴν
1288 628 1533 698 Ἀθηνᾶν
1572 630 1742 683 αὐτὸν
1779 638 1920 684 νοῦν

232 738 290 772 τε
328 717 420 772 καὶ
459 719 714 772 διάνοιαν
752 716 1134 786 πεποιηκέναι,
1174 716 1266 771 καὶ
1305 717 1335 771 ὁ
1373 719 1440 771 τὰ
1472 718 1712 787 ὀνόματα
1743 728 1919 772 ποιῶν

233 808 375 860 ἔοικε
413 808 667 860 τοιοῦτόν
705 825 759 858 τι
796 804 923 876 περὶ
961 805 1127 873 αὐτῆς
1168 806 1540 874 διανοεῖσθαι,
1589 807 1668 858 ἔτι
1707 802 1769 858 δὲ
1805 825 1919 875 μει-

234 896 401 958 ζόνως
440 893 616 962 λέγων
659 899 800 946 θεοῦ
833 895 1029 962 νόησιν
1062 893 1296 964 ὡσπερεὶ
1327 893 1491 961 λέγει,
1523 893 1607 946 ὅτι
1639 893 1674 945 ἁ
1711 897 1919 948 θεονόα

234 978 383 1032 ἐστὶν
438 980 602 1049 αὕτη,
656 987 732 1052 τῷ
789 980 938 1048 ἄλφα
985 978 1207 1043 ξενικῶς
1254 979 1377 1033 ἀντὶ
1424 987 1524 1033 τοῦ
1570 976 1673 1049 ’ἦτα
1717 983 1919 1052 χρησά-

233 1087 398 1136 μενος
450 1067 542 1121 καὶ
593 1070 656 1122 τὸ
714 1070 846 1122 ἰῶτα
893 1067 986 1122 καὶ
1032 1070 1093 1122 τὸ
1143 1077 1311 1137 σῖγμα
1367 1068 1602 1137 ἀφελών.
1680 1075 1813 1132 ἴσως
1858 1067 1919 1124 δὲ

234 1153 366 1208 οὐδὲ
422 1157 619 1225 ταύτῃ,
675 1154 794 1208 ἀλλ’
858 1156 931 1218 ὡς
983 1156 1050 1207 τὰ
1106 1160 1235 1207 θεῖα
1291 1156 1532 1223 νοούσης
1582 1156 1749 1224 αὐτῆς
1802 1157 1920 1210 δια-

233 1245 513 1313 φερόντως
573 1253 684 1296 τῶν
740 1244 922 1295 ἄλλων
973 1244 1219 1310 Θεονόην
1275 1241 1544 1295 ἐκάλεσεν.
1638 1241 1804 1297 οὐδὲν
1857 1241 1919 1298 δὲ

232 1328 418 1398 ἀπέχει
455 1329 547 1382 καὶ
585 1331 687 1398 τὴν
726 1329 788 1383 ἐν
819 1337 894 1402 τῷ
927 1331 1058 1398 ἤθει
1096 1332 1293 1398 νόησιν
1333 1330 1407 1392 ὡς
1444 1325 1619 1383 οὖσαν
1649 1332 1751 1399 τὴν
1780 1334 1920 1386 θεὸν

168 1433 202 1478 c
233 1418 439 1486 ταύτην
474 1414 758 1485 Ἠθονόην
805 1414 905 1485 μὲν
950 1415 955 1487 Ι
998 1418 1305 1485 βούλεσθαι
1351 1428 1692 1487 προσειπεῖν·
1747 1437 1918 1490 παρα-

233 1506 420 1572 γαγὼν
471 1503 531 1558 δὲ
578 1504 611 1572 ἢ
664 1505 827 1566 αὐτὸς
874 1506 907 1571 ἤ
954 1523 1099 1566 τινες
1145 1504 1381 1574 ὕστερον
1433 1504 1522 1558 ἐπὶ
1565 1507 1626 1559 τὸ
1673 1508 1916 1576 κάλλιον,

235 1593 308 1655 ὡς
346 1592 540 1666 ᾤοντο,
574 1590 854 1659 Ἀθηνάαν
895 1591 1172 1644 ἐκάλεσαν.

379 1680 544 1732 ΕΡΜ.
614 1682 684 1732 Τι’
718 1676 779 1731 δὲ
818 1680 886 1747 δὴ
926 1680 1023 1732 τὸν
1050 1677 1395 1748 ““Ήφαιστον,
1435 1687 1510 1750 πῇ
1550 1680 1746 1748 λέγειςς

383 1766 500 1820 ΣΩ.
563 1760 640 1819 ³H
677 1768 775 1819 τὸν
813 1775 1075 1834 γενναῖον
1112 1768 1211 1819 τὸν
1251 1767 1421 1836 φάεος
1459 1769 1652 1839 ἵστορα
1690 1769 1914 1843 ἐρωτᾷς;

381 1855 546 1908 ΕΡΜ.
596 1854 799 1907 ’Έοικά

384 1942 499 1995 ΣΩ.
558 1941 781 1995 Οὐκοῦν
820 1938 982 2005 οὗτος
1019 1939 1121 2011 μὲν
1150 1941 1317 1995 παντὶ
1351 1943 1517 2011 δῆλος
1553 1946 1790 2008 Φαῖστος
1820 1947 1916 2014 ὥν,

234 2032 298 2083 τὸ
336 2026 439 2098 ἦτα
477 2030 1012 2099 προσελκυσάμενος;

387 2116 554 2170 ΕΡΜ.
602 2118 953 2185 Κινδυνεύει,
993 2116 1090 2170 ἐὰν
1127 2118 1201 2186 μή
1239 2117 1315 2187 πῄ
1355 2131 1461 2185 σοι,
1501 2118 1574 2182 ὡς
1612 2121 1802 2188 ἔοικεν,
1839 2122 1918 2174 ἔτι

236 2206 373 2275 ἄλλῃ
415 2205 559 2274 δόξῃ.

386 2291 501 2344 ΣΩ.
568 2287 713 2343 Ἀλλ’
758 2292 852 2343 ἵνα
891 2293 963 2360 μὴ
1007 2292 1156 2361 δόξῃ,
1197 2293 1296 2344 τὸν
1321 2291 1458 2362 ’Ἀρη
1499 2292 1685 2364 ἐρώτα.

383 2378 548 2433 ΕΡΜ.
605 2376 834 2448 Ἐρωτῶ.

164 2480 205 2525 D
388 2465 503 2518 Σῼ.
564 2464 807 2532 Οὐκοῦν,
848 2467 900 2517 εἰ
934 2463 1036 2533 μὲν
1081 2467 1298 2533 βούλει,
1337 2467 1473 2518 κατὰ
1507 2464 1514 2535 Ι
1548 2467 1609 2519 τὸ
1656 2468 1824 2537 ἄρρεν
1860 2487 1917 2522 τε

239 2552 330 2606 καὶ
369 2554 505 2606 κατὰ
543 2554 604 2605 τὸ
646 2552 905 2622 ἀνδρεῖον
930 2551 1097 2622 ’Ἄρης
1136 2551 1204 2605 ἂν
1244 2558 1351 2620 εἴη·
1391 2554 1443 2605 εἰ
1479 2549 1530 2605 δ’
1574 2549 1644 2606 αὖ
1682 2556 1818 2608 κατὰ
1855 2556 1916 2609 τὸ

240 2642 480 2710 σκληρόν
517 2659 575 2692 τε
613 2638 703 2692 καὶ
737 2639 1169 2709 ἀμετάστροφον,
1210 2640 1240 2692 ὃ
1280 2640 1347 2708 δὴ
1389 2641 1628 2710 ἄρρατον
1659 2646 1916 2710 καλεῖται,

238 2727 329 2782 καὶ
388 2728 557 2798 ταύτῃ
617 2726 686 2779 ἂν
740 2733 985 2795 πανταχῇ
1039 2731 1311 2799 πολεμικῷ
1380 2733 1495 2801 θεῷ
1546 2727 1742 2800 πρέποι
1780 2728 1961 2800 Ἄρη.
2011 2728 2015 2731 ’

239 2819 542 2867 καλεῖσθαι.
