2020 3198
855 148 1097 191 ΦΑΙΔΩΝ.
1714 146 1815 199 151

139 263 441 337 Σωκράτης
478 264 616 334 πρὸς
658 262 722 321 τὸ
769 265 985 321 ἐκείνου
1024 266 1304 336 μέγεθος;’
1345 262 1587 335 (ἀληθῆ)
1666 260 1825 319 “οὗδέ

47 389 58 392 -
138 374 200 424 γε
245 346 316 409 αὖ
362 351 470 409 ὑπὸ
515 356 806 418 Φαίδωνος
849 349 1218 424 ὑπερέχεσθαι
1266 355 1342 428 τῷ
1390 350 1475 407 ὅτι
1518 355 1748 407 Φαίδων
1788 349 1818 407 ὁ

144 444 372 498 Φαίδων
411 443 586 512 ἐστίν,
625 439 746 497 ἀλλ’
790 438 875 496 ὅτι
913 441 1149 511 μέγεθος
1188 443 1296 511 ἔχει
1335 437 1365 495 ὁ
1411 443 1642 495 Φαίδων
1680 438 1820 513 πρὸς

137 528 239 599 τὴν
284 533 532 600 Σιμμίου
578 529 908 601 σμικρότητα
920 530 954 595 ;’
1006 530 1140 584 εἔστι
1184 528 1390 583 ταῦτα.’
1468 526 1665 593 εοὕτως
1709 526 1820 600 ἄρα

140 617 168 674 ὁ
211 621 453 688 Σιμμίας
491 619 807 687 ἐπωνυμίαν
847 620 956 688 ἔχει
988 615 1218 689 σμικρός
1247 637 1304 672 τε
1333 616 1428 671 καὶ
1459 615 1626 686 μέγας
1657 612 1818 685 εἶναι,

140 708 200 762 ἐν
245 705 391 779 μέσῳ
439 701 519 761 ὢν
565 703 921 776 ἀμφοτέρων,
967 706 1068 760 τοῦ
1116 703 1217 775 μὲν
1263 706 1337 778 τῷ
1386 703 1612 773 μεγέθει
1658 701 1818 775 ὑπερ-

139 794 284 865 έχειν
321 792 424 864 τὴν
458 794 466 864 Ι
499 791 833 864 σμικρότητα
869 789 1109 863 ὑπέχων,
1147 794 1222 865 τῷ
1265 791 1327 847 δὲ
1364 789 1425 846 τὸ
1460 792 1695 862 μέγεθος
1723 793 1878 862 τῆςΙ)

139 879 499 953 σμικρότητος
542 880 797 952 παρέχων
835 876 1142 951 ὑπερέχον.’
1218 878 1312 934 καὶ
1359 876 1472 949 ἅμα
1510 877 1819 950 μειδιάσας·

139 969 356 1038 (ἔοικαξ
403 968 535 1038 ἔφη,
583 968 694 1022 ’καὶ
741 969 1124 1040 ξυγγραφικεός
1179 969 1352 1039 ἐρεῖν,
1401 965 1523 1022 ἀλλ’
1569 960 1674 1022 οὖν
1712 970 1821 1038 ἔχει

137 1057 204 1128 γέ
245 1074 380 1126 που,
427 1053 502 1121 ὡς
546 1056 720 1126 λέγω.’
798 1055 1028 1127 συνέφη.
1105 1056 1263 1125 ελέγω
1321 1054 1382 1110 δὲ
1434 1053 1592 1110 τοῦδ’
1642 1055 1820 1125 ἕνεκα,

139 1143 480 1214 βουλόμενος
525 1143 682 1209 δόξαι
729 1143 819 1199 σοὶ
866 1142 999 1215 ὅπερ
1047 1145 1182 1214 ἐμοί.
1258 1144 1379 1214 ἐμοὶ
1417 1142 1523 1215 γὰρ
1564 1146 1821 1214 φαίνεται

140 1229 208 1287 οὐ
248 1230 426 1302 μόνον
466 1229 602 1286 αὐτὸ
635 1229 696 1286 τὸ
727 1231 963 1302 μέγεθος
999 1229 1255 1286 οὐδέποτ’
1292 1231 1506 1287 ἐθέλειν
1539 1228 1651 1300 ἅμα
1682 1230 1819 1300 μέγα

63 1331 69 1336 ’
138 1320 231 1375 καὶ
269 1316 504 1392 σμικρὸν
543 1316 704 1390 εἶναι,
744 1317 884 1375 ἀλλὰ
919 1319 1012 1374 καὶ
1042 1318 1103 1374 τὸ
1139 1321 1198 1374 ἐν
1229 1316 1364 1389 ἡμῖν
1396 1319 1630 1390 μέγεθος
1663 1316 1820 1373 οὐδέ-

138 1427 269 1463 ποτε
320 1407 729 1479 προσδέχεσθαι
789 1406 851 1462 τὸ
914 1405 1149 1480 σμικρὸν
1205 1406 1328 1463 οὐδ’
1387 1408 1604 1463 ἐθέλειν
1655 1403 1820 1477 ὑπερ-

139 1496 388 1567 έχεσθαι,
436 1493 575 1550 ἀλλὰ
617 1498 779 1550 δυοῖν
817 1492 879 1550 τὸ
920 1495 1135 1567 ἕτερον,
1183 1490 1218 1565 ἢ
1258 1494 1489 1569 φεύγειν
1526 1494 1620 1550 καὶ
1657 1492 1820 1550 ὑπεκ-

138 1593 358 1656 χωρεῖν,
399 1580 532 1638 ὅταν
573 1581 719 1658 αὐτῷ
756 1586 763 1648 Ι
797 1587 998 1654 προσίῃ
1037 1581 1099 1637 τὸ
1143 1583 1425 1653 ἐναντίον,
1464 1582 1526 1638 τὸ
1567 1581 1874 1655 σμικρόν,Ε

140 1667 172 1741 ἢ
212 1669 625 1743 προσελθόντος
665 1673 880 1725 ἐκείνου
911 1669 1281 1725 ἀπολωλέναι·
1320 1668 1604 1741 ὑπομένον
1637 1670 1700 1726 δὲ
1729 1671 1822 1726 καὶ

140 1757 442 1830 δεξάμενον
472 1756 575 1829 τὴν
615 1757 950 1829 σμικρότητα
990 1755 1093 1813 οὐκ
1132 1758 1347 1812 ἐθέλειν
1387 1755 1530 1813 εἶναι
1566 1759 1754 1830 ἕτερον
1785 1755 1820 1829 ἢ

139 1846 274 1920 ὅπερ
299 1841 386 1918 ἦν.
437 1845 620 1917 ὥσπερ
655 1845 759 1917 ἐγώ
794 1845 1090 1916 δεξάμενος
1118 1846 1212 1900 καὶ
1241 1843 1543 1916 ὑπομείνας
1573 1845 1676 1917 τὴν
1702 1861 1821 1917 σμι-

137 1935 402 2006 κρότητα,
432 1935 524 1990 καὶ
548 1939 625 1990 ἔτι
651 1933 759 2004 ὤν,
792 1932 960 2006 ὅσπερ
987 1936 1122 2004 εἰμί,
1157 1927 1318 1998 οὗτος
1345 1932 1373 1989 ὁ
1401 1933 1568 1999 αὐτὸς
1593 1933 1822 2006 σμικρός

140 2027 271 2093 εἰμι·
304 2025 480 2078 ἐκεῖνο
507 2022 570 2078 δὲ
595 2020 662 2077 οὐ
687 2021 1016 2092 τετόλμηκεν
1040 2022 1177 2092 μέγα
1203 2018 1270 2077 ὂν
1297 2021 1532 2094 σμικρὸν
1556 2018 1720 2076 εἶναι·
1746 2019 1821 2087 ὥς

140 2109 193 2166 δ’
215 2108 394 2176 αὕτως
416 2109 508 2164 καὶ
531 2107 593 2165 τὸ
620 2107 854 2180 σμικρὸν
879 2106 940 2164 τὸ
966 2110 1026 2164 ἐν
1050 2106 1185 2179 ἡμῖν
1208 2109 1309 2164 οὐκ
1330 2110 1511 2165 ἐθέλει
1531 2109 1663 2165 ποτὲ
1682 2110 1820 2181 μέγα

139 2202 432 2269 γίγνεσθαι
457 2195 591 2253 οὐδὲ
615 2195 776 2267 εἶναι,
803 2195 926 2252 οὐδ’
953 2195 1088 2252 ἄλλο
1115 2194 1283 2252 οὐδὲν
1306 2199 1420 2252 τῶν
1446 2199 1715 2253 ἐναντίων
1741 2201 1820 2253 ἔτι

140 2285 234 2357 ὄν,
267 2284 402 2358 ὅπερ
440 2278 537 2356 ἦν,
577 2283 689 2356 ἅμα
726 2281 1058 2340 τούναντίον
1097 2288 1400 2354 γίγνεσθαί
1430 2307 1488 2341 τε
1525 2285 1618 2340 καὶ
1657 2282 1820 2355 εἶναι,

139 2373 260 2429 ἀλλ’
303 2373 426 2444 ἤτοι
459 2378 470 2442 ξ
502 2372 791 2445 ἀπέρχεται
821 2368 856 2443 ἢ
889 2370 1195 2426 ἀπόλλυται
1227 2374 1288 2427 ἐν
1318 2371 1498 2447 τούτῳ
1530 2376 1606 2448 τῷ
1638 2372 1906 2443 παθη-103

140 2462 301 2531 ματι.’
353 2459 759 2530 (παντάπασινξ
792 2463 897 2530 ἔφη
932 2457 961 2514 ὁ
986 2460 1186 2530 Κέβης,
1213 2458 1378 2515 εοὕτω
1411 2465 1671 2531 φαίνεταί
1690 2463 1818 2531 μοι.’

288 2550 374 2602 LI.
435 2552 554 2603 Καί
578 2569 660 2613 τις
693 2546 808 2604 εἷπε
837 2550 951 2602 τῶν
981 2547 1275 2619 παρόντων
1307 2546 1551 2614 ἀκούσας
1579 2581 1640 2589 -—
1670 2547 1820 2614 ὅστις

141 2632 192 2688 δ’
235 2627 331 2703 ἦν,
380 2632 448 2689 οὐ
489 2637 680 2705 σαφῶς
719 2635 996 2706 μέμνημαι
1039 2652 1130 2675 —-·
1171 2633 1326 2707 επρὸς
1371 2638 1551 2707 θεῶν,
1610 2634 1713 2691 οὐκ
1759 2637 1820 2691 ἐν

139 2729 253 2785 τοῖς
290 2718 541 2791 πρόσθεν
579 2718 714 2791 ἡμῖν
752 2721 941 2791 λόγοις
979 2719 1113 2777 αὐτὸ
1154 2721 1215 2777 τὸ
1259 2725 1514 2778 ἐναντίον
1544 2726 1657 2778 τῶν
1687 2723 1818 2778 νυνὶ

140 2808 453 2878 λεγομένων
500 2805 861 2878 ὡμολογεῖτο,
910 2812 968 2865 ἐκ
1022 2811 1124 2864 τοῦ
1173 2809 1463 2874 ἐλάττονος
1514 2808 1576 2865 τὸ
1631 2814 1817 2875 μεῖζον
