2020 3198
11 295 13 297 ·
93 259 141 315 τ’
200 267 285 332 εἴη
347 260 633 317 παιδεύειν
695 259 1038 334 ἀνθρώπους
1101 260 1283 333 ώσπερ
1337 266 1577 334 Γοργίας
1636 282 1694 319 τε
1751 261 1780 319 ὅ

26 355 397 415 Λεοντῖνος
434 349 527 404 καὶ
558 348 841 421 Πρόδικος
874 346 902 404 ὁ
938 354 1107 414 Κεῖος
1137 350 1229 404 καὶ
1255 348 1464 416 Ἱππίας
1500 349 1529 406 ὅ
1558 349 1782 418 Ἡλεῖος.

93 436 309 493 τούτων
346 435 455 508 γὰρ
496 437 738 507 ἕκαστος,
779 431 823 492 ὦ
867 436 1085 509 ἀνδρες,
1127 431 1244 502 οἶός
1281 436 1330 491 τ’
1375 439 1524 494 ἐστὶν
1564 439 1667 496 ἰὼν
1706 443 1784 506 εἰς

95 525 331 596 ἑκάστην
368 527 482 581 τῶν
521 524 738 580 πόλεων
778 523 910 590 τοὺς
948 526 1135 595 νέους,
1177 520 1260 592 οἷς
1299 527 1471 593 ἔξεστι
1507 548 1619 583 των
1659 529 1783 584 ἑαυ-

93 616 206 670 τῶν
244 614 485 668 πολιτῶν
532 623 734 685 προῖκα
783 614 1028 679 ξυνεῖναι
1077 606 1120 689 ᾦ
1160 610 1232 669 ἂν
1277 613 1616 687 βούλωνται,
1662 616 1784 673 τού-

92 724 224 767 τους
275 703 536 756 πείθουσι
589 698 687 766 τὰς
745 702 974 757 ἐκείνων
1031 671 1325 768 ξυνουσίας
1368 703 1374 778 Ι
1415 701 1785 771 ἀπολιπόντας
1802 718 1857 758 20

96 794 290 862 σφίσιν
331 791 578 856 ξυνεῖναι
617 788 867 862 χρήματα
916 790 1176 856 διδόντας
1219 790 1312 846 καὶ
1358 791 1522 865 χάριν
1568 809 1783 866 προσει-

95 879 266 934 δέναι.
344 876 459 932 ἐπεὶ
526 876 619 932 καὶ
687 875 854 942 ἄλλος
916 875 1060 950 ἀνήρ
1124 880 1237 934 ἐστι
1298 878 1515 952 Πάριος
1577 881 1785 938 ἐνθάδε

95 965 296 1037 σοφός,
360 962 428 1021 ὃν
487 958 592 1034 ἐγώ
649 963 912 1037 ᾐσθόμην
976 969 1373 1038 ἐπιδημοῦντα·
1428 972 1622 1040 ἔτυχον
1674 969 1782 1042 γὰρ

93 1051 424 1128 προσελθών
486 1051 679 1126 ἀνδρί,
756 1051 817 1120 ὃς
884 1056 1122 1111 τετέλεκε
1183 1055 1434 1127 χρήματα
1495 1069 1783 1127 σοφισταῖς

92 1148 261 1201 πλείω
301 1139 336 1214 ἢ
378 1141 681 1212 ξύμπαντες
731 1144 788 1197 οἱ
830 1140 1017 1212 άλλοι,
1066 1149 1284 1198 Καλλία
1328 1148 1403 1220 τῷ
1437 1143 1782 1200 Ἱππονίκου·

92 1235 294 1288 τοῦτον
336 1223 440 1286 οὖν
480 1226 771 1301 ἀνηρόμην
805 1262 876 1269 -
910 1229 1070 1286 ἐστὸν
1105 1230 1211 1303 γὰρ
1245 1229 1394 1308 αὐτῷ
1428 1231 1532 1288 δύο
1564 1233 1679 1288 υἱέε
1711 1266 1780 1274 -

95 1314 156 1378 “ὦ
206 1318 461 1388 Καλλία,’
509 1309 581 1388 ἦν
629 1314 682 1372 δ’
735 1317 867 1388 ἐγώ,
923 1319 992 1373 ἐἰ
1037 1319 1138 1388 μέν
1186 1334 1288 1374 σου
1333 1318 1408 1375 τὼ
1455 1321 1570 1376 υἱέε
1615 1320 1780 1377 πώλω

91 1406 126 1481 ἢ
184 1406 372 1480 μόσχω
429 1404 757 1475 ἐγενέσθην,
823 1411 1041 1476 εἴχομεν
1104 1401 1174 1460 ἂν
1237 1404 1432 1462 αὐτοῖν
1486 1408 1781 1479 ἐπιστάτην

93 1500 284 1567 λαβεῖν
330 1492 423 1549 καὶ
470 1491 895 1563 μισθώσασθαι,
952 1489 1013 1558 ὃς
1059 1496 1281 1563 ἔμελλεν
1330 1492 1478 1550 αὐτὼ
1528 1497 1678 1553 καλώ
1724 1519 1782 1553 τε

0 1579 11 1619 4³³
90 1584 184 1640 καὶ
230 1578 428 1653 ἀγαθὼ
484 1579 738 1650 ποιήσειν
781 1579 787 1653 Ι
826 1578 929 1650 τὴν
983 1580 1375 1653 προσήκουσαν
1429 1581 1654 1657 ἀρετήν·
1709 1579 1834 1656 ἦνΒ

93 1670 145 1728 δ’
198 1668 270 1726 ἄν
319 1661 482 1733 οὗτος
527 1664 562 1738 ἢ
610 1669 722 1724 τῶν
773 1670 1012 1724 ἱππικῶν
1065 1690 1146 1734 τις
1192 1666 1231 1740 ἢ
1282 1673 1395 1726 τῶν
1439 1677 1780 1745 γεωργικῶν“

91 1762 200 1816 νῦν
248 1754 300 1815 δ’
342 1753 540 1826 ’ἐπειδὴ
588 1752 873 1828 ἀνθρώπω
931 1755 1117 1826 ἐστόν,
1169 1761 1296 1811 τίνα
1350 1756 1545 1815 αὐτοῖν
1593 1763 1653 1817 ἐν
1699 1766 1779 1835 νῷ

93 1853 231 1920 ἔχεις
270 1842 564 1913 ἐπιστάτην
602 1847 819 1913 λαβεΐν;
866 1847 947 1908 τίς
985 1846 1081 1914 τῆς
1117 1844 1374 1916 τοιαύτης
1420 1845 1639 1919 ἀρετῆς,
1684 1852 1780 1921 τῆς

93 1935 455 2008 ἀνθρωπίνης
492 1952 550 1986 τε
587 1932 681 1986 καὶ
719 1935 1021 2002 πολιτικῆς,
1063 1931 1377 2003 ἐπιστήμων
1410 1936 1583 2004 ἐστίν;
1626 1934 1779 2008 οἶμαι

91 2023 199 2096 γάρ
248 2036 308 2077 σε
355 2019 625 2090 ἐσκέφθαι
672 2017 765 2074 διὰ
818 2018 921 2089 τὴν
967 2021 1082 2074 τῶν
1129 2021 1298 2075 υἱέων
1343 2025 1553 2093 κτῆσιν.
1629 2028 1778 2080 ἔστιν

91 2113 210 2182 τις,’
251 2113 393 2180 ἔφην
433 2106 559 2177 ἐγώ,
600 2103 653 2177 εἢ
695 2105 810 2172 οὔ;’
860 2106 1029 2162 επάνυ
1067 2108 1167 2177 γε,’
1209 2101 1241 2177 ἦ
1282 2106 1333 2163 δ’
1379 2107 1453 2175 ὅς.
1531 2113 1667 2182 “τίς,’
1705 2106 1778 2184 ἦν

93 2197 144 2255 δ’
190 2196 324 2268 ἐγώ,
364 2195 475 2250 ’καὶ
513 2193 781 2264 ποδαπός,
819 2194 911 2249 καὶ
949 2194 1128 2251 πόσου
1161 2195 1458 2265 διδάσκει;’
1499 2198 1778 2271 Ἐὔηνοςξ

92 2289 224 2357 ἔφη,
272 2276 336 2339 ‘a3
384 2280 704 2354 Σώκρατες,
760 2281 1002 2354 Πάριος,
1055 2283 1216 2338 πέντε
1266 2286 1457 2353 μνών.’
1532 2286 1625 2341 καὶ
1672 2287 1777 2358 ἐγὼ

90 2371 190 2428 τὸν
237 2369 465 2441 Εὔηνον
513 2368 843 2442 ἐμακάρισα,
899 2373 950 2426 εί
1004 2367 1078 2435 ὡς
1132 2368 1359 2441 ἀληθῶς
1411 2375 1519 2444 ἔχει
1569 2374 1776 2446 ταύτην

91 2457 193 2532 τὴν
235 2458 474 2533 Ιτέχνην
519 2458 612 2512 καὶ
661 2455 837 2523 οὕτως
887 2460 1128 2529 ἐμμελῶς
1179 2457 1443 2515 διδάσκει.
1520 2459 1625 2531 ἐγώ
1673 2456 1827 2519 οὗνΟ

91 2547 181 2601 καὶ
244 2544 409 2611 αὐτὸς
471 2544 852 2616 ἐκαλλυνόμην
912 2566 970 2601 τε
1030 2545 1123 2600 καὶ
1183 2543 1510 2618 ἡβρυνόμην
1569 2548 1664 2619 ἄν,
1727 2553 1778 2605 εἰ

7 2646 31 2670 ’²¹
92 2632 404 2705 ἠπιστάμην
451 2636 643 2688 ταῦτα·
683 2630 805 2688 ἀλλ’
857 2631 925 2688 06
972 2632 1080 2704 γὰρ
1130 2635 1440 2706 ἐπίσταμαι,
1488 2628 1533 2691 ώ
1577 2633 1776 2708 ἄνδρες

86 2717 389 2792 Ἀθηναῖοι.

5 2796 35 2825 Ῑ’
238 2809 303 2864 V.
375 2805 670 2877 ’Τπολάβοι
716 2803 787 2862 ἂν
836 2801 940 2863 οὖν
994 2829 1074 2872 τις
1119 2806 1279 2878 ὑμῶν
1334 2816 1484 2874 ἴσως·
1540 2807 1682 2878 ἀλλ’,
1730 2804 1773 2864 ὦ

0 0 293 553 ἵ
569 145 889 188 ΑΠΟΛΟΓΙΑ
919 145 1297 190 ΣΩΚΡΑΤΟΥΣ
1710 149 1778 199 31

0 635 11 687 ἔ

0 766 10 805 ἑ

0 819 9 858 ξ

0 865 13 935 ξ

0 1541 2 1545 -
0 1512 6 1516 =
0 1289 16 1498 vweryffla
0 1237 12 1282 ww.

4 2343 13 2361 ν
0 2266 7 2278 *-
0 2148 24 2254 jtmrwtg
0 1786 25 2142 ’,ωηερε-π·
0 1635 17 1775 :svn-‚ww
