2020 3198
111 166 136 207 τ
784 163 1126 205 ΚΡΑΤΤΛοΣ.
1683 157 1788 210 181

259 280 375 334 ΣΩ.
459 281 679 335 Οὐκοῦν
731 279 824 335 καὶ
879 279 975 334 ἐὰν
1028 280 1182 333 κάειν
1235 298 1287 332 τι
1349 277 1793 348 ἐπιχειρήσωμεν,

27 403 38 407 -
112 369 180 423 οὐ
217 370 353 422 κατὰ
384 377 566 423 πᾶσαν
600 368 768 433 δόξαν
801 370 889 422 δεῖ
916 368 1086 435 κάειν,
1120 366 1258 420 ἀλλὰ
1287 367 1423 420 κατὰ
1454 367 1555 434 τὴν
1587 367 1790 437 ὀρθήν;

112 458 247 526 αὕτη
312 452 363 510 δ’
423 456 572 511 ἐστὶν
633 450 668 528 ᾗ
721 456 966 527 πέφυκεν
1022 454 1252 509 ἕκαστον
1304 457 1545 509 κάεσθαί
1591 474 1648 508 τε
1701 452 1794 509 καὶ

111 547 264 600 κάειν
303 544 393 599 καὶ
433 538 475 618 ᾧ
514 544 781 614 πέφυκεν;

257 633 422 687 ΕΡΜ.
455 632 610 686 ’Ἐστι
647 640 830 686 ταῦτα.

260 720 375 775 Σῼ.
431 721 652 774 Οὐκοῦν
689 719 781 774 καὶ
818 716 989 773 τᾶλλα
1029 718 1195 783 οὕτως

260 809 425 862 ΕΡΜ.
482 809 646 861 Πάνυ
684 828 761 876 γε.

260 896 354 950 VI.
418 895 534 949 Σῼ.
577 889 689 967 Ἆρ’
735 890 838 950 οὗν
877 895 945 950 οὐ
983 893 1074 949 καὶ
1112 896 1174 950 τὸ
1213 894 1394 964 λέγειν
1433 896 1529 965 μιά
1566 913 1648 959 τις
1684 902 1795 949 τῶν

112 986 361 1057 πράξεών
402 983 571 1048 ἐστιν;

259 1072 424 1127 ΕΡΜ.
471 1075 600 1125 Ναί.

263 1160 379 1214 Σῼ.
440 1163 690 1230 Πότερον
738 1154 841 1213 οὖν
888 1151 923 1228 ᾖ
970 1160 1039 1212 ἄν
1084 1178 1159 1231 τῳ
1200 1159 1336 1229 δοκῇ
1376 1157 1596 1212 λεκτέον
1636 1154 1796 1226 εἶναι,

115 1251 284 1320 ταύτῃ
331 1247 506 1317 λέγων
552 1248 737 1318 ὀρθῶς
782 1245 945 1315 λέξει,
990 1245 995 1317 Ι
1038 1246 1072 1314 ἢ
1119 1246 1215 1300 ἐὰν
1262 1243 1362 1315 μὲν
1409 1239 1445 1316 ᾗ
1483 1244 1692 1315 πέφυκε
1729 1247 1796 1298 τὰ
1829 1252 1862 1297 C

116 1340 404 1408 πράγματα
458 1334 637 1404 λέγειν
689 1354 746 1388 τε
806 1333 898 1388 καὶ
944 1333 1203 1402 λέγεσθαι
1248 1333 1338 1387 καὶ
1384 1327 1446 1406 ᾧ,
1492 1335 1661 1404 ταύτῃ
1706 1331 1799 1397 καὶ

117 1429 292 1500 τούτῳ
333 1423 488 1495 λέγῃ,
539 1423 708 1478 πλέον
747 1422 809 1477 τέ
851 1442 904 1475 τι
942 1425 1159 1491 ποιήσει
1197 1420 1288 1475 καὶ
1327 1421 1456 1492 ἐρεῖ,
1502 1421 1573 1475 ἄν
1614 1419 1674 1475 δὲ
1705 1423 1797 1491 μή,

119 1514 547 1585 ἐξαμαρτήσεταί
578 1531 636 1565 τε
673 1509 766 1565 καὶ
805 1507 971 1564 οὐδὲν
1009 1512 1249 1578 ποιήσεις

266 1602 427 1659 ΕΡΜ.
472 1601 630 1655 Οὕτω
662 1619 757 1669 μοι
796 1601 964 1666 δοκεῖ,
1005 1598 1078 1660 ὡς
1116 1597 1305 1666 λέγεις.

269 1690 385 1745 ΣΩ.
467 1690 688 1743 Οὐκοῦν
741 1694 841 1741 τοῦ
896 1685 1076 1754 λέγειν
1131 1688 1327 1755 μόριον
1379 1686 1442 1739 τὸ
1490 1684 1799 1755 ὀνομάζειν·

120 1781 477 1851 ὀνομάζοντες
512 1778 618 1847 γάρ
657 1794 766 1830 που
805 1774 1029 1843 λέγουσι
1066 1777 1195 1836 τοὺς
1232 1774 1446 1841 λόγους.

267 1867 434 1922 ΕΡΜ.
483 1866 648 1919 Πάνυ
685 1883 762 1932 γε.

270 1955 386 2009 ΣΩ.
446 1954 667 2008 Οὐκοῦν
711 1949 803 2004 καὶ
847 1952 909 2004 τὸ
957 1949 1246 2019 ὀνομάζειν
1283 1948 1596 2020 πρᾶξίςοτίς
1635 1947 1800 2017 ἐστιν,

123 2050 276 2114 εἴπερ
314 2041 406 2096 καὶ
443 2043 505 2095 τὸ
545 2039 726 2109 λέγειν
763 2037 956 2109 πρᾶξίς
992 2056 1076 2099 τις
1112 2033 1183 2105 ἦν
1221 2036 1346 2108 περὶ
1383 2038 1450 2089 τὰ
1488 2037 1799 2107 πράγματα;

269 2129 433 2183 ΕΡΜ.
486 2131 615 2182 Ναί.

272 2216 387 2270 ΣΩ.
467 2217 547 2270 Ac
598 2212 658 2268 δὲ
710 2214 930 2284 πράξεις
971 2211 977 2283 Ι
1024 2211 1309 2281 ἐφάνησαν
1360 2210 1494 2281 ἡμῖν
1548 2211 1616 2265 οὐ
1668 2213 1804 2283 πρὸς
1834 2217 1874 2262 D

124 2306 265 2376 ἡμᾶς
304 2300 484 2373 οὖσαι,
525 2301 643 2357 ἀλλ’
689 2302 871 2356 αὐτῶν
909 2321 1034 2354 τινα
1067 2301 1217 2353 ἰδίαν
1255 2301 1429 2369 φύσιν
1468 2300 1716 2368 ἕχουσαι;

271 2391 440 2446 ΕΡΜ.
482 2391 637 2445 ’Ἐστι
674 2397 858 2444 ταῦτα.

273 2480 389 2533 ΣΩ.
449 2481 670 2534 Οὐκοῦν
707 2477 799 2533 καὶ
837 2475 1173 2546 ὀνομαστέον
1210 2469 1247 2546 ᾗ
1284 2473 1493 2545 πέφυκε
1531 2476 1598 2528 τὰ
1634 2474 1805 2544 πράγο

127 2587 266 2636 ματα
314 2568 600 2636 ὀνομάζειν
647 2586 704 2620 τε
748 2564 840 2620 καὶ
887 2566 1254 2634 ὀνομάζεσθαι
1298 2562 1388 2616 καὶ
1434 2555 1497 2635 ᾧ,
1537 2559 1658 2615 ἀλλ’
1705 2561 1805 2629 οὐχ

127 2647 162 2724 ᾗ
223 2653 292 2707 ἂν
354 2654 508 2724 ἡμεῖς
561 2657 952 2723 βουληθῶμεν,
1016 2657 1165 2722 εἴπερ
1218 2671 1271 2704 τι
1323 2659 1437 2713 τοῖς
1491 2651 1805 2719 ἔμπροσθεν

127 2741 310 2811 μέλλει
350 2742 794 2811 ὁμολογούμενον
842 2737 1006 2805 εἷναι;
1061 2739 1153 2793 καὶ
1203 2739 1345 2792 οὕτω
1392 2735 1492 2807 μὲν
1531 2736 1599 2790 ἂν
1637 2734 1809 2788 πλέον

126 2849 179 2882 τι
216 2838 469 2899 ποιοῖμεν
507 2827 599 2882 καὶ
638 2828 1015 2898 ὀνομάζοιμεν,
1055 2829 1231 2890 ἄλλως
1271 2823 1332 2879 δὲ
1371 2826 1461 2889 οὕς
