2020 3198
257 166 362 218 122
931 168 1269 212 ΠΛΑΤῼΝΟΣ

198 287 505 356 Ελαβοῦσα
566 282 753 340 αὐτῶν
813 283 916 356 τὴν
976 283 1163 357 ψυχὴν
1223 283 1257 356 ἡ
1320 281 1628 357 φιλοσοφία
1661 290 1669 354 Ι
1702 283 1942 357 ἀτεχνῶς
2018 303 2020 305 ’

255 372 653 443 διαδεδεμένην
708 373 770 428 ἐν
826 376 901 448 τῷ
959 372 1170 444 σώματι
1222 373 1315 429 καὶ
1369 374 1942 446 προσκεκολλημένην,

253 458 707 532 ἀναγκαζομένην
746 460 809 517 δὲ
849 459 1032 533 ὥσπερ
1065 459 1157 516 διὰ
1191 463 1424 533 εἱργμοῦ
1458 459 1551 516 διὰ
1581 459 1786 517 τούτου
1816 470 1965 516 σκοο’

253 556 483 605 πεῖσθαι
527 546 595 603 τὰ
643 547 779 604 ὅντα
825 547 964 604 ἀλλὰ
1013 547 1087 620 μὴ
1136 546 1313 620 αὐτὴν
1360 546 1435 605 δι’
1486 546 1680 620 αὑτῆς,
1731 548 1826 604 καὶ
1879 549 1940 604 ἐν

253 636 402 710 πάσῃ
457 635 676 712 ἀμαθίᾳ
728 638 1199 708 κυλινδουμένην,
1252 637 1346 692 καὶ
1397 641 1498 693 τοῦ
1553 639 1787 708 εἱργμοῦ
1837 635 1941 709 τὴν

255 723 547 797 δεινότητα
591 729 896 781 κατιδοῦσα
944 723 1030 781 ὅτι
1069 723 1144 781 δι’
1188 726 1486 796 ἐπιθυμίας
1523 727 1699 797 ἐστίν,
1747 723 1823 792 ὥς
1868 721 1942 780 ἂν

180 832 237 874 83
254 812 492 885 μάλιστα
538 811 707 878 αὐτὸς
754 812 783 870 ὁ
840 815 1133 886 δεδεμένος
1178 812 1500 886 ξυλλήπτωρ
1547 820 1632 886 εἴη
1677 817 1778 870 τοῦ
1812 819 1821 882 1
1855 815 1942 869 δε-

254 902 481 973 δέσθαι,
525 934 586 943 -
632 899 766 975 ὅπερ
807 895 914 958 οὖν
951 903 1120 973 λέγω,
1164 901 1575 973 γιγνώσκουσιν
1614 904 1673 959 οἱ
1708 908 1942 975 φιλομα-

251 989 400 1060 θεϊς’,
458 988 543 1046 ὅτι
596 988 743 1046 οὕτω
797 993 1197 1063 παραλαβοῦσα
1249 988 1285 1062 ἡ
1328 996 1650 1063 ’φιλοσοφία
1703 995 1940 1063 ἔχουσαν

254 1076 440 1134 αὐτῶν
477 1077 582 1150 τὴν
619 1077 806 1151 ψυχὴν
845 1077 1021 1153 ἠρέμα
1058 1087 1469 1152 παραμυθεῖται
1505 1080 1599 1135 καὶ
1636 1079 1792 1136 λύειν
1832 1081 1940 1136 ἐπι-

251 1177 447 1239 χειρεῖ,
505 1168 926 1239 ἐνδεικνυμένη,
983 1166 1070 1223 ὅτι
1122 1166 1335 1240 ἀπάτης
1387 1168 1490 1240 μὲν
1543 1166 1711 1239 μεστὴ
1763 1165 1798 1239 ἡ
1847 1166 1940 1223 διὰ

250 1257 364 1310 τῶν
404 1252 668 1325 ὀμμάτων
707 1257 912 1326 σκέψις,
953 1254 1162 1327 ἀπάτης
1200 1245 1264 1313 δὲ
1300 1254 1335 1327 ἡ
1377 1255 1470 1312 διὰ
1509 1258 1624 1313 τῶν
1658 1254 1817 1312 ὤτων
1846 1257 1941 1312 καὶ

250 1344 365 1398 τῶν
412 1341 599 1399 ἄλλων
641 1343 986 1415 αἰσθήσεων,
1034 1349 1310 1400 πείθουσα
1357 1344 1421 1400 δὲ
1465 1346 1525 1401 ἐκ
1575 1343 1791 1400 τούτων
1838 1343 1940 1415 μὲν

252 1427 584 1504 ἀναχωρεῖν,
619 1430 754 1488 ὅσον
786 1430 860 1503 μὴ
897 1430 1111 1504 ἀνάγκη
1144 1430 1334 1498 αὐτοῖς
1364 1436 1638 1505 χρῆσθαι,
1670 1430 1846 1504 αὐτὴν
1878 1432 1940 1488 δὲ

252 1521 331 1583 είς
377 1516 554 1590 αὐτὴν
610 1521 971 1590 ξυλλέγεσθαι
1023 1521 1116 1576 καὶ
1165 1519 1532 1593 ἀθροίζεσθαι
1577 1527 1940 1593 παρακελευο-

252 1608 409 1679 μένη,
433 1607 714 1664 πιστεύειν
740 1607 803 1663 δὲ
834 1609 1032 1679 μηδενὶ
1057 1607 1207 1683 ἄλλῳ
1235 1606 1358 1663 ἀλλ’
1393 1604 1428 1680 ἢ
1462 1607 1638 1680 αὐτὴν
1670 1606 1828 1682 αὑτῇ,
1853 1606 1937 1664 ὅτι

196 1705 233 1750 Β
252 1692 324 1751 ἀν
347 1695 525 1768 νοήσῃ
546 1696 552 1770 Ι
581 1694 720 1766 αὐτὴ
745 1694 878 1751 καθ’
907 1694 1084 1767 αὑτὴν
1109 1694 1246 1752 αὐτὸ
1270 1694 1403 1752 καθ’
1433 1694 1570 1753 αὑτὸ
1594 1700 1708 1753 τῶν
1734 1695 1938 1754 ὄντων·

253 1782 338 1839 ὅτι
377 1782 429 1839 δ’
465 1781 538 1840 ἂν
578 1782 653 1840 δι’
688 1782 876 1840 ἄλλων
908 1788 1084 1857 σκοπῇ
1119 1785 1179 1840 ἐν
1217 1783 1408 1850 ἄλλοις
1446 1781 1514 1841 ὂν
1560 1783 1723 1856 ἄλλο,
1761 1785 1938 1857 μηδὲν

250 1870 512 1943 ἡγεῖσθαι
551 1871 779 1943 ἀληθές·
827 1869 972 1927 εἶναι
1011 1872 1074 1928 δὲ
1110 1872 1173 1929 τὸ
1225 1872 1327 1944 μὲν
1364 1876 1624 1929 τοιοῦτον
1663 1874 1936 1945 αἰσθητόν

249 1954 308 2017 τε
344 1961 439 2017 καὶ
479 1958 712 2033 ὁρατόν,
761 1957 793 2016 ὃ
841 1959 903 2016 δὲ
950 1958 1088 2031 αὐτὴ
1130 1958 1234 2033 ὁρᾷ
1274 1960 1480 2032 νοητόν
1517 1980 1576 2017 τε
1612 1962 1706 2017 καὶ
1743 1959 1936 2028 ἀειδές.

248 2047 419 2122 ταύτῃ
468 2042 574 2104 οὖν
617 2051 683 2121 τῇ
737 2047 894 2103 λύσει
948 2047 1052 2103 οὐκ
1098 2049 1325 2120 οἰομένη
1373 2052 1493 2105 δεῖν
1540 2051 1938 2107 ἐναντιοῦσθαι

248 2135 283 2207 ἡ
330 2140 433 2192 τοῦ
488 2135 562 2202 ὡς
615 2135 844 2207 ἀληθῶς
896 2135 1217 2208 φιλοσόφου
1265 2135 1412 2213 ’ψυχὴ
1463 2135 1638 2203 οὕτως
1681 2132 1936 2211 ἀπέχεται

246 2227 361 2279 τῶν
400 2222 626 2295 ἡδονῶν
663 2244 723 2279 τε
759 2223 853 2278 καὶ
892 2225 1206 2295 ἐπιθυμιῶν
1243 2225 1336 2280 καὶ
1375 2229 1568 2281 λυπῶν
1596 2225 1689 2280 καὶ
1719 2225 1934 2298 φόβων,

248 2310 384 2367 καθ’
427 2310 565 2367 ὅσον
606 2311 858 2382 δύναται,
899 2312 1241 2383 λογιζομένη,
1283 2311 1384 2383 ὅτι,
1425 2312 1652 2368 ἐπειδάν
1688 2333 1771 2379 τις
1800 2313 1934 2384 σφό-

251 2403 358 2471 δρα
396 2398 548 2472 ἡσθῇ
589 2396 624 2470 ἢ
666 2402 897 2471 φοβηθῇ
945 2396 980 2469 ’ἢ
1019 2403 1245 2471 λυπηθῇ
1290 2396 1326 2470 ἢ
1375 2400 1716 2473 ἐπιθυμήσῃ,
1765 2399 1933 2456 οὐδὲν

247 2490 522 2543 τοσοῦτον
558 2485 731 2542 κακὸν
772 2490 982 2542 ἔπαθεν
1013 2485 1108 2541 ἀπ’
1145 2484 1331 2543 αὐτῶν
1367 2481 1449 2543 οἷν
1480 2487 1551 2543 ἄν
1581 2509 1665 2553 τις
1693 2491 1933 2560 οἰηθείη,

198 2569 374 2630 Οοῖον
419 2570 454 2645 ἢ
501 2572 746 2645 νοσήσας
789 2571 827 2644 ἥ
870 2594 923 2629 τι
957 2577 965 2646 Ι
999 2572 1290 2640 ἀναλώσας
1336 2573 1430 2630 διὰ
1478 2572 1574 2640 τὰς
1621 2577 1933 2648 ἐπιθυμίας,

248 2660 370 2718 ἀλλ’
423 2658 454 2717 ὃ
493 2661 719 2717 πάντων
766 2662 1024 2732 μέγιστόν
1069 2682 1128 2717 τε
1172 2661 1348 2717 κακὸν
1397 2662 1491 2717 καὶ
1529 2662 1762 2735 ἔσχατόν
1800 2665 1932 2734 ἐστι,

248 2753 410 2806 τοῦτο
458 2748 654 2821 πάσχει
707 2750 800 2804 καὶ
846 2746 915 2804 οὐ
961 2753 1231 2820 λογίζεται
1281 2747 1457 2805 αύτό.’
1534 2752 1610 2805 ττί
1649 2754 1839 2816 τοῦτο,
1886 2745 1931 2807 ὦ

250 2837 588 2909 Σώκρατες;’
637 2841 743 2909 ἔφη
792 2835 821 2893 ὁ
862 2838 1059 2908 Κέβης.
1137 2835 1241 2892 εὅτι
1280 2836 1428 2909 ψυχὴ
1468 2837 1674 2904 παντὸς
1711 2837 1932 2911 ἀνθρώ-
