2020 3198
270 124 375 177 198
941 125 1278 168 ΠΛΑΤῼΝΟΣ
1646 98 1649 100 ’
1892 131 1951 171 24

413 244 577 298 EPM.
659 244 777 297 Οὐκ
816 243 1005 298 ἐννοῶ.

414 330 532 384 ΣΩ.
614 329 760 385 Οὐδὲ
806 332 890 385 ὅτι
935 340 1180 403 χρυσοῦν
1221 331 1382 400 γένος
1418 334 1480 385 τὸ
1519 335 1739 404 πρῶτόν
1777 346 1951 403 φησιν

265 420 527 489 γενέσθαι
564 429 676 474 τῶν
717 420 1054 491 ἀνθρώπων;

414 507 582 561 ΕΡΜ.
664 503 806 561 Οἶδα
844 511 1008 562 τοῦτό
1047 529 1123 576 γε.

416 596 531 649 ΣΩ..
609 595 777 664 Λέγει
813 598 1007 650 τοίνυν
1045 596 1170 667 περὶ
1210 597 1405 650 αὐτοῦ·

355 685 527 755 αὐτὰρ
567 683 753 753 ἐπειδὴ
793 693 957 739 τοῦτο
995 685 1156 753 γένος
1194 686 1330 738 κατὰ
1368 683 1514 756 μοῖρ’
1560 685 1858 754 ἐκάλυψεν,

148 789 234 830 398
364 772 369 844 Ι
413 774 471 826 οἱ
504 769 605 841 μὲν
644 774 902 842 δαίμονες
941 772 1102 840 ἁγνοὶ
1139 773 1471 842 ὑποχθόνιοι
1510 773 1823 842 καλέονται,

357 861 570 928 ἐσθλοί,
612 861 938 930 ἀλεξίκακοι,
980 863 1223 931 φύλακες
1260 868 1488 931 θνητῶν
1527 863 1855 934 ἀνθρώπων.

414 950 580 1003 ΕΡΜ.
666 952 736 1002 Τί
770 946 873 1003 οὗν
914 952 1005 1018 δή;

416 1037 533 1090 ΣΩ.
604 1036 722 1091 Ὅτι
777 1034 928 1107 οἶμαι
983 1038 1088 1106 ἐγὼ
1143 1037 1324 1106 λέγειν
1377 1039 1547 1092 αὐτὸν
1598 1041 1660 1092 τὸ
1707 1046 1953 1109 χρυσοῦν

265 1126 426 1195 γένος
480 1127 582 1180 οὐκ
637 1126 696 1180 ἐκ
740 1134 951 1197 χρυσοῦ
997 1129 1267 1195 πεφυκός,
1324 1125 1445 1180 ἀλλ’
1499 1127 1715 1195 ἀγαθόν
1759 1147 1817 1180 τε
1861 1125 1954 1181 καὶ

266 1218 450 1269 καλόν.
527 1218 821 1286 τεκμήριον
869 1214 933 1268 δέ
976 1217 1076 1284 μοί
1117 1214 1290 1282 ἐστιν,
1339 1215 1422 1267 ὅτι
1466 1214 1557 1268 καὶ
1601 1216 1742 1285 ἡμᾶς
1781 1229 1954 1285 φησιν

268 1305 537 1375 σιδηροῦν
577 1299 718 1356 εἶναι
757 1302 930 1371 γένος.

415 1392 583 1445 ΕΡΜ.
656 1390 862 1460 Ἀληθῆ
904 1390 1092 1458 λέγεις.

418 1479 534 1532 ΣΩ.
616 1480 837 1533 Οὐκοῦν
882 1478 973 1531 καὶ
1018 1489 1129 1532 τῶν
1174 1487 1280 1531 νῦν
1323 1484 1426 1532 οἴει
1465 1478 1534 1532 ἂν
1573 1480 1746 1548 φάναι
1784 1480 1954 1533 αὐτὸν

202 1578 240 1621 Β
272 1573 329 1622 εἴ
351 1588 433 1631 τις
464 1569 676 1636 ἀγαθός
707 1568 872 1635 ε’στιν,
907 1569 914 1636 Ι
950 1567 1164 1620 ἐκείνου
1195 1575 1295 1620 τοῦ
1326 1576 1536 1637 χρυσοῦ
1567 1567 1763 1635 γένους
1786 1565 1950 1633 εἶναι;

418 1655 588 1709 ΕΡΜ.
665 1658 831 1719 Εἰκός
869 1675 944 1723 γε.

419 1744 536 1798 Σῼ.
618 1745 691 1797 Οἱ
727 1743 775 1797 δ’
822 1743 1026 1812 ἀγαθοὶ
1066 1745 1199 1796 ἄλλο
1238 1762 1291 1795 τι
1329 1742 1362 1811 ἢ
1404 1745 1691 1813 φρόνιμοι;

417 1833 583 1886 ΕΡΜ.
666 1834 950 1901 Φρόνιμοι.

421 1921 536 1974 Σῼ.
614 1924 789 1973 Τοῦτο
829 1922 1021 1972 τοίνυν
1052 1921 1254 1982 παντὸς
1286 1923 1495 1988 μᾶλλον
1526 1918 1690 1987 λέγει,
1730 1919 1803 1982 ὡς
1834 1918 1955 1988 ἐμοὶ

273 2013 442 2078 δοκεῖ,
477 2012 606 2071 τοὺς
640 2010 927 2077 δαίμονας·
961 2008 1044 2061 ὅτι
1075 2010 1339 2078 φρόνιμοι
1370 2007 1460 2061 καὶ
1493 2008 1762 2076 δαήμονες
1792 2002 1953 2076 ἦσαν,

274 2100 538 2167 δαίμονας
583 2097 786 2159 αὐτοὺς
832 2097 1139 2166 ὠνόμασεν·
1184 2095 1275 2149 καὶ
1322 2098 1382 2149 ἔν
1427 2115 1488 2163 γε
1533 2103 1598 2165 τῇ
1646 2094 1844 2166 ἀρχαίᾳ
1887 2102 1952 2164 τῇ

272 2185 505 2256 ἡμετέρᾳ
552 2193 711 2254 φωνῇ
765 2185 897 2238 αὐτὸ
945 2187 1235 2253 συμβαίνει
1281 2185 1342 2237 τὸ
1390 2186 1577 2253 ὄνομα.
1662 2182 1805 2250 λέγει
1851 2179 1955 2236 οὖν

273 2278 450 2335 καλῶς
481 2272 571 2325 καὶ
604 2268 765 2335 οὗτος
796 2272 886 2326 καὶ
919 2275 1074 2326 ἄλλοι
1106 2271 1326 2341 ποιηταὶ
1358 2274 1570 2338 πολλοί,
1611 2271 1732 2323 ὅσοι
1763 2269 1954 2337 λέγου-

275 2374 366 2414 σιν
412 2362 508 2428 ὡς,
564 2361 787 2414 ἐπειδάν
832 2381 914 2423 τις
961 2361 1170 2428 ἀγαθὸς
1217 2361 1295 2412 ὢν
1340 2361 1658 2427 τελευτήσῃ,
1712 2358 1954 2426 μεγάλην

209 2457 242 2502 C
276 2458 475 2519 μοῖραν
511 2448 602 2501 καὶ
640 2449 802 2517 τιμὴν
841 2451 949 2517 ἔχει
987 2447 1077 2500 καὶ
1115 2450 1357 2515 γίγνεται
1398 2447 1609 2514 δαίμων
1642 2445 1778 2497 κατὰ
1812 2444 1818 2514 Ι
1851 2444 1954 2511 τὴν

272 2544 369 2605 τῆς
422 2539 744 2606 φρονήσεως
797 2535 1126 2603 ἐπωνυμίαν.
1208 2535 1375 2604 ταύτῃ
1432 2529 1534 2586 οὖν
1587 2535 1807 2602 τίθεμαι
1861 2530 1953 2585 καὶ

275 2626 380 2693 ἐγὼ
423 2625 542 2691 [τὸν
574 2626 845 2692 δαήμονα]
882 2620 1041 2676 πάντ’
1079 2624 1272 2693 ἄνδρα,
1313 2622 1373 2685 ὃς
1404 2621 1473 2675 ἂν
1505 2622 1714 2689 ἀγαθὸς
1744 2614 1797 2691 ᾗ,
1837 2622 1954 2673 δαι-

275 2716 471 2783 μόνιον
517 2708 658 2765 εἶναι
700 2710 790 2764 καὶ
833 2715 1003 2776 ζῶντα
1041 2710 1132 2765 καὶ
1171 2713 1593 2779 τελευτήσαντα,
1639 2707 1730 2762 καὶ
1770 2708 1955 2778 ὀρθῶς

277 2804 512 2871 δαίμονα
550 2805 854 2854 καλεῖσθαι.
