2020 3198
750 125 1101 195 ΕΤΘΤῷΡΩΝ,
1655 206 1671 213 f
1736 151 1767 203 7

84 267 189 339 ἐγώ
229 270 340 324 νῦν
377 272 545 340 ποιοῦ,
598 271 673 345 τῷ
718 268 1010 324 ἀδικοῦντι
1054 265 1089 338 ἢ
1140 269 1264 342 περὶ
1312 269 1526 340 φόνους
1570 266 1606 340 ἢ
1645 269 1769 342 περὶ

84 358 251 428 ἱερῶν
288 355 496 422 κλοπὰς
533 355 570 427 ἤ
607 377 659 411 τι
698 354 836 412 ἄλλο
876 358 990 412 τῶν
1028 355 1299 412 τοιούτων
1340 355 1771 429 ἐξαμαρτάνοντι

85 443 377 515 ἐπεξιέναι,
457 443 626 506 ἐάντε,
687 442 866 516 πατὴρ
935 440 1017 500 ὧν
1069 443 1316 517 τυγχάνῃ
1372 444 1530 501 ἐάντε
1592 444 1768 517 μήτηρ

8 551 10 553 ’
84 531 242 588 ἐάντε
287 530 453 597 ἄλλος
478 531 485 606 Ι
514 529 800 603 ὁστισοῦν,
848 530 910 586 τὸ
962 531 1024 587 δὲ
1070 530 1143 603 μὴ
1195 532 1462 598 ἐπεξιέναι
1509 531 1820 588 ἀνόσιον·Ε

0 644 9 655 ·
85 621 226 691 ἐπεί,
266 613 310 675 ὦ
349 619 660 692 Σώκρατες,
706 621 938 691 θέασαι,
982 618 1056 686 ὥς
1094 621 1233 691 μέγα
1284 636 1373 676 σοι
1420 622 1526 692 ἐρῶ
1576 619 1769 691 τεκμή-

84 728 209 780 ριον
262 710 365 763 τοῦ
418 707 600 778 νόμου
656 706 741 763 ὅτι
795 706 972 773 οὕτως
1026 711 1160 779 ἔχει,
1215 703 1247 763 ὃ
1294 707 1385 762 καὶ
1432 705 1623 773 ἄλλοις
1659 706 1767 778 ἤδη

85 793 267 866 εἷπον,
316 793 402 850 ὅτι
445 799 619 851 ταῦτα
659 793 848 869 ὀρθῶς
887 793 957 851 ἂν
999 802 1082 866 εἴη
1133 794 1278 851 οῦτω
1325 795 1653 867 γιγνόμενα,
1695 795 1767 866 μὴ

84 884 391 956 ἐπιτρέπειν
439 885 516 958 τῷ
563 881 860 953 ἀσεβοῦντι
907 882 1039 954 μηδ’
1092 881 1166 939 ἀν
1214 882 1478 940 ὁστισοῦν
1523 883 1767 956 τυγχάνῃ

84 969 189 1027 ὤν·
244 969 404 1026 αὐτοὶ
455 969 564 1043 γὰρ
620 973 677 1026 oc
728 969 1023 1043 ἄνθρωποι
1069 970 1409 1042 τυγχάνουσι
1454 976 1770 1043 νομίζοντες

83 1057 183 1115 τὸν
237 1063 353 1114 Δία
406 1061 519 1115 τῶν
580 1061 735 1114 θεῶν
799 1058 1030 1130 ἄριστον
1090 1059 1183 1114 καὶ
1238 1060 1615 1130 δικαιότατον,
1675 1059 1768 1114 καὶ

6 1219 8 1222 Ι
85 1150 286 1203 τοῦτον
341 1143 680 1217 ὁμολογοῦσι
732 1147 833 1202 τὸν
877 1147 883 1219 Ι
926 1144 1103 1202 αὑτοῦ
1165 1149 1371 1219 πατέρα
1429 1150 1620 1218 δῆσαι,
1683 1145 1813 1202 Sne

83 1233 214 1300 τοὺς
250 1236 390 1298 υἱεῖς
419 1234 709 1289 κατέπινεν
743 1231 844 1289 οὐκ
878 1235 938 1289 ἐν
973 1237 1125 1307 δίκῃ,
1163 1232 1424 1290 κάκεῖνόν
1462 1256 1525 1304 γε
1564 1227 1637 1290 αὖ
1667 1234 1768 1290 τὸν

85 1320 260 1378 αὑτοῦ
314 1323 521 1394 πατέρα
576 1323 819 1393 ἐκτεμεῖν
876 1319 951 1376 δι’
1012 1323 1168 1395 ἕτερα
1220 1325 1475 1377 τοιαῦτα·
1531 1323 1650 1393 ἐμοὶ
1708 1322 1771 1379 δὲ

1 1444 4 1445 ⁷
84 1413 540 1482 χαλεπαίνουσιν,
597 1407 681 1465 ὅτι
718 1412 795 1485 τῷ
849 1410 1013 1481 πατρὶ
1061 1410 1412 1483 ἐπεξέρχομαι
1459 1409 1767 1482 ἀδικοῦντι,

0 1559 2 1575 3
84 1498 176 1553 καὶ
231 1494 407 1563 οῦτως
455 1497 615 1554 αὐτοὶ
663 1496 852 1564 αὑτοῖς
897 1496 964 1552 τὰ
1012 1499 1236 1553 ἐναντία
1274 1499 1497 1568 λέγουσι
1542 1504 1672 1572 περί
1711 1520 1770 1555 τε

84 1587 197 1641 τῶν
236 1587 390 1640 θεῶν
428 1586 521 1640 καὶ
559 1586 683 1659 περὶ
723 1588 875 1657 ἐμοῦ.

232 1681 328 1723 ΣΩ.
382 1666 516 1745 Ἆρά
569 1695 657 1745 γε,
721 1667 765 1728 ὦ
829 1673 1174 1746 Εὐθύφρον,
1231 1673 1382 1729 τοῦτ’
1450 1678 1625 1746 ἔστιν,
1699 1668 1769 1732 οὖ

86 1763 247 1818 ἕνεκα
284 1760 387 1833 τὴν
425 1762 654 1834 γραφὴν
694 1761 910 1833 φεύγω,
953 1761 1036 1818 ὅτι
1067 1761 1134 1817 τὰ
1164 1766 1394 1818 τοιαῦτα
1426 1762 1653 1818 ἐπειδάν
1691 1785 1772 1828 τις

85 1851 210 1923 περὶ
247 1853 360 1906 τῶν
398 1853 553 1906 θεῶν
591 1851 748 1922 λέγῃ,
800 1853 1079 1922 δυσχερῶς
1123 1870 1237 1916 πως
1283 1849 1651 1922 ἀποδέχομαι;
1693 1851 1766 1906 δι’

86 1936 122 1993 ἃ
163 1937 258 2009 δή,
299 1935 373 2003 ὥς
412 1941 580 2007 ἔοικε,
619 1937 787 2008 φήσει
827 1942 910 2003 τίς
948 1959 1013 2008 με
1053 1937 1471 2009 ἐξαμαρτάνειν.
1516 1941 1625 1993 νῦν
1665 1931 1770 1994 οὖν

87 2029 138 2081 εἰ
180 2026 273 2081 καὶ
328 2026 417 2081 σοὶ
473 2028 646 2081 ταῦτα
694 2027 952 2091 ξυνδοκεῖ
991 2027 1066 2098 τῷ
1115 2018 1178 2080 εὗ
1220 2024 1426 2098 Ιείδότι
1478 2026 1603 2098 περὶ
1654 2029 1820 2082 τῶνΒ

86 2112 386 2183 τοιούτων,
427 2111 641 2183 ἀνάγκη
683 2112 781 2184 δή,
830 2111 904 2179 ὥς
943 2117 1111 2182 ἔοικε,
1149 2114 1240 2168 καὶ
1280 2111 1415 2184 ἡμῖν
1448 2114 1770 2186 ξυγχωρεῖν.

86 2205 144 2256 τί
184 2200 293 2274 γὰρ
331 2201 424 2255 καὶ
478 2199 758 2271 φήσομεν,
806 2202 960 2271 οἵγε
1012 2202 1174 2257 αὐτοὶ
1223 2199 1608 2272 ὁμολογοῦμεν
1646 2202 1771 2272 περὶ

88 2286 274 2344 αὐτῶν
314 2287 489 2359 μηδὲν
520 2288 753 2355 εἰδέναι;
794 2285 936 2343 ἀλλά
967 2309 1060 2358 μοι
1100 2287 1216 2343 εἰπὲ
1253 2286 1391 2360 πρὸς
1435 2293 1659 2359 Φιλίου,
1700 2288 1770 2344 σὺ

89 2374 162 2441 ὥς
200 2374 427 2447 ἀληθῶς
466 2373 592 2446 ἡγεῖ
625 2377 799 2430 ταῦτα
839 2373 1014 2440 οῦτως
1051 2377 1369 2446 γεγονέναι;

234 2471 375 2515 ΕΤΘ.
427 2466 541 2518 Καὶ
581 2466 659 2518 ἔτι
697 2485 760 2533 γε
803 2462 1018 2519 τούτων
1055 2463 1510 2537 θαυμασιώτερα,
1556 2459 1601 2521 ὦ
1647 2465 1771 2521 Σώ-

89 2574 304 2625 κρατες,
344 2549 380 2606 ἃ
421 2553 480 2606 οἰ
513 2551 708 2606 πολλοὶ
749 2548 852 2606 οὐκ
891 2557 1091 2606 ἴσασιν.

237 2648 332 2692 ΣΩ.
397 2638 511 2694 Καὶ
565 2638 809 2709 πόλεμον
864 2637 972 2711 ἄρα
1024 2637 1150 2710 ἡγεῖ
1199 2638 1269 2695 σὺ
1326 2638 1469 2696 εἶναι
1520 2643 1595 2716 τῷ
1651 2638 1771 2695 ὄντι

90 2729 150 2783 ἐν
197 2738 313 2792 τοῖς
358 2734 516 2791 θεοῖς
562 2725 699 2796 πρὸς
745 2724 1042 2797 ἀλλήλους,
1089 2727 1181 2781 καὶ
1228 2731 1432 2799 ἔχθρας
1476 2749 1539 2798 γε
1585 2727 1772 2791 δεινὰς

88 2815 181 2870 καὶ
227 2813 402 2886 μάχας
456 2814 548 2868 καὶ
595 2813 736 2869 ἄλλα
781 2817 1009 2869 τοιαῦτα
1061 2814 1261 2886 πολλά,
1310 2810 1400 2871 οἷα
1456 2816 1675 2885 λέγεταί
1714 2835 1772 2870 τε
