2020 3198
287 141 392 195 128
954 141 1294 186 ΠΛΑΤῼΝΟΣ

282 259 394 331 ἤδη
442 258 763 333 ὑπερδικεῖν
808 262 910 316 τοῦ
957 260 1144 330 λόγου.
1236 257 1357 314 ἀλλ’
1408 258 1546 331 ἀγε,’
1593 253 1629 332 ἦ
1676 260 1727 318 δ’
1771 257 1857 330 ὅς,
1905 250 1966 315 ‘d

282 349 487 420 Κέβης,
519 350 670 420 λέγε,
707 351 767 403 τί
790 340 862 419 ἦν
895 343 926 403 ὃ
957 347 1021 403 σὲ
1060 340 1131 402 αὖ
1156 350 1404 420 θρᾶττον
1429 347 1688 405 ἀπιστίαν
1713 348 1970 421 παρέχει.’

285 438 446 508 “λέγω
488 436 598 508 δή,’
635 429 671 508 ἦ
713 435 764 492 δ’
809 434 871 502 ὃς
910 433 940 492 ὁ
980 436 1178 507 Κέβης.
1255 436 1398 507 “έμοὶ
1442 435 1550 510 γὰρ
1596 442 1854 510 φαίνεται
1892 439 1970 492 ἔτι

285 527 346 582 ἐν
383 528 460 601 τῷ
501 523 650 602 αὐτῷ
691 522 721 580 ὁ
761 523 927 595 λόγος
965 521 1127 595 εἶναι,
1164 528 1276 594 καί,
1317 522 1451 598 ὅπερ
1485 526 1545 581 ἐν
1575 536 1690 592 τοῖς
1718 524 1971 599 πρόσθεν

211 627 268 669 87
288 614 566 685 ἐλέγομεν,
619 611 826 669 ταύτὸν
881 615 1124 684 ἔγκλημα
1185 615 1345 684 ἔχειν.
1394 618 1402 681 Ι
1445 611 1530 668 ὅτι
1583 613 1686 686 μὲν
1738 612 1845 686 γὰρ
1898 605 1972 684 ἦν

284 700 445 774 ἡμῶν
483 700 519 773 ἡ
558 699 706 774 ψυχὴ
745 701 836 756 καὶ
875 701 1009 774 πρὶν
1048 703 1126 766 εἰς
1163 700 1292 756 τόδε
1330 700 1394 756 τὸ
1435 698 1585 768 εἶδος
1623 703 1830 772 ἐλθεῖν,
1869 698 1974 757 οὐκ

286 790 622 862 ἀνατίθεμαι
654 787 728 860 μὴ
762 788 885 860 οὐχὶ
915 787 1065 844 πάνυ
1095 789 1393 861 χαριέντως
1422 793 1533 860 καί,
1559 793 1611 845 εἰ
1631 788 1706 861 μὴ
1738 790 1974 862 ἐπαχθές

287 881 438 935 ἐστιν
485 882 687 949 εἰπεῖν,
734 877 885 932 πάνυ
931 878 1136 942 ἱκανῶς
1183 874 1603 949 ἀποδεδεῖχθαι·
1654 875 1730 943 ῶς
1774 877 1838 934 δὲ
1880 877 1974 934 καὶ

288 964 702 1023 ἀποθανόντων
742 963 902 1037 ἡμῶν
942 969 1022 1020 ἔτι
1059 984 1169 1021 που
1201 969 1369 1036 ἔσται,
1409 963 1479 1021 οὔ
1511 986 1607 1037 μοι
1638 968 1796 1022 δοκεῖ
1827 969 1973 1040 τῇδε.

285 1053 360 1121 ῶς
413 1055 514 1126 μὲν
570 1052 674 1110 οὐκ
722 1052 1083 1126 ἰσχυρότερον
1127 1052 1219 1108 καὶ
1264 1052 1779 1127 πολυχρονιώτερον
1824 1054 1972 1127 ψυχὴ

286 1143 557 1215 σώματος,
584 1140 652 1198 οὐ
679 1144 947 1214 συγχωρῶ
971 1143 1037 1214 τῇ
1063 1146 1312 1212 Σιμμίου
1344 1138 1654 1213 ἀντιλήψει·
1686 1145 1842 1199 δοκεῖ
1865 1142 1973 1217 γάρ

287 1253 381 1304 μοι
429 1235 565 1287 πᾶσι
609 1229 829 1296 τούτοις
873 1229 1023 1285 πάνυ
1067 1227 1211 1285 πολὺ
1251 1230 1555 1302 διαφέρειν.
1630 1235 1691 1287 τί
1731 1223 1862 1302 οὖν,
1901 1227 1975 1287 ἂν

288 1325 427 1392 φαίη
470 1318 499 1376 ὁ
542 1318 726 1390 λόγος,
767 1322 847 1374 ἔτι
886 1317 1155 1387 ἀπιστεῖς,
1196 1315 1384 1388 ἐπειδὴ
1418 1315 1554 1391 ὁρᾷς
1584 1316 1975 1385 ἀποθανόντος

286 1411 388 1464 τοῦ
451 1406 761 1480 ἀνθρώπου
809 1405 873 1462 τό
933 1428 996 1477 γε
1049 1403 1456 1478 ἀσθενέστερον
1511 1409 1590 1461 ἔτι
1644 1404 1737 1475 ὅν;
1791 1405 1855 1463 τὸ
1912 1407 1974 1463 δὲ

234 1495 836 1571 ΒΙπολυχρονιι-ότερον
884 1492 951 1550 οὐ
999 1497 1157 1550 δοκεῖ
1207 1509 1297 1549 σοι
1349 1491 1658 1564 ἀναγκαῖον
1705 1492 1850 1551 εἶναι
1896 1498 1975 1551 ἔτι

287 1585 565 1662 σῴζεσθαι
611 1585 672 1641 ἐν
716 1582 894 1658 τούτῳ
940 1585 1017 1658 τῷ
1065 1581 1276 1657 χρόνῳ,
1324 1580 1463 1654 πρὸς
1516 1580 1586 1654 δὴ
1632 1586 1798 1639 τοῦτο
1844 1581 1975 1639 τόδε

287 1676 595 1744 ἐπίσκεψαι,
635 1678 690 1729 εἴ
721 1692 774 1727 τι
812 1671 977 1742 λέγω·
1025 1669 1240 1736 εἰκόνος
1284 1669 1392 1741 γάρ
1438 1690 1615 1742 τινος,
1663 1668 1739 1737 ῶς
1777 1672 1974 1742 ἔοικεν,

285 1759 436 1834 κάγώ
478 1759 661 1833 ῶσπερ
701 1763 947 1831 Σιμμίας
984 1759 1194 1829 δέομαι.
1271 1757 1393 1828 ἐμοὶ
1429 1755 1538 1830 γὰρ
1579 1761 1736 1814 δοκεῖ
1770 1756 1976 1830 ὁμοίως

286 1851 551 1922 λέγεσθαι
580 1851 769 1917 ταῦτα,
802 1846 984 1918 ῶσπερ
1017 1845 1089 1902 ἄν
1113 1867 1197 1911 τις
1218 1845 1343 1919 περὶ
1375 1843 1685 1917 ἀνθρώπου
1713 1843 1975 1918 ὑφάντου

286 1938 603 2010 πρεσβύτου
641 1934 1032 2001 ἀποθανόντος
1077 1935 1230 2006 λέγοι
1273 1935 1474 1990 τοῦτον
1511 1931 1613 1989 τὸν
1651 1932 1842 2006 λόγον,
1889 1932 1975 1991 ὅτι

289 2025 390 2083 οὐκ
423 2025 712 2081 ἀπόλωλεν
745 2021 775 2079 ὁ
810 2022 1131 2096 ἅνθρωπος,
1163 2018 1285 2078 ἀλλ’
1321 2024 1436 2077 ἔστι
1467 2039 1576 2077 που
1606 2027 1758 2093 ἴσως,
1779 2022 1975 2094 τεκμή-

288 2136 412 2186 ριον
453 2113 515 2170 δὲ
551 2114 843 2186 παρέχοιτο
881 2110 1201 2182 θοιμάτιον,
1242 2106 1273 2165 ὃ
1311 2107 1602 2182 ἠμπείχετο
1634 2107 1804 2175 αὐτὸς
1831 2108 1975 2182 ὑφη-

286 2202 553 2273 νάμενος,
601 2199 686 2257 ὅτι
726 2199 840 2256 ἐστὶ
880 2201 996 2255 σῶν
1042 2197 1135 2254 καὶ
1176 2195 1280 2253 οὐκ
1325 2195 1638 2268 ἀπόλωλεν,
1675 2197 1770 2253 καὶ
1808 2203 1864 2253 εἴ
1893 2218 1976 2264 τις

235 2288 543 2359 Οάπιστοίη
584 2287 753 2363 αὐτῷ,
793 2284 1108 2361 ἀνερωτῴη,
1147 2283 1385 2357 πότερον
1419 2289 1427 2351 Ι
1460 2283 1974 2357 πολυχρονιώτερόν

288 2379 401 2432 ἐστι
438 2374 502 2432 τὸ
542 2376 705 2446 γένος
744 2373 1055 2445 ἀνθρώπου
1093 2369 1128 2443 ἢ
1171 2375 1391 2442 ἱματίου
1430 2373 1491 2427 ἐν
1521 2376 1680 2446 χρείᾳ
1715 2392 1774 2428 τε
1813 2369 1976 2438 ὄντος

285 2464 377 2519 καὶ
424 2463 808 2535 φορουμένου,
855 2458 1307 2533 ἀποκριναμένου
1360 2459 1426 2514 δέ
1467 2479 1643 2529 τινος,
1698 2456 1784 2515 ὅτι
1829 2458 1974 2516 πολὺ

284 2550 348 2606 τὸ
395 2554 497 2606 τοῦ
544 2547 879 2621 ἀνθρωπου,
935 2555 1109 2604 οἴοιτο
1159 2546 1584 2618 ἀποδεδεῖχθαι,
1633 2567 1719 2603 οτι
1771 2546 1976 2615 παντὸς

286 2638 396 2712 α’ρα
435 2641 646 2709 μᾶλλον
687 2635 718 2692 ὅ
755 2658 819 2708 γε
865 2634 1166 2709 ανθρωπος
1205 2638 1314 2701 σῶς
1354 2635 1530 2706 ἐστιν,
1578 2634 1766 2708 ἐπειδὴ
1811 2635 1876 2692 τό
1912 2658 1975 2708 γε

288 2724 817 2799 ὀλιγοχρονιωτερον
879 2723 983 2780 οὐκ
1046 2721 1348 2780 ἀπόλωλεν.
1437 2722 1500 2779 τὸ
1557 2721 1610 2779 δ’
1616 2766 1632 2794 ,
1689 2721 1866 2795 οἶμαι,
1929 2716 1974 2779 ῶ

288 2819 520 2888 Σιμμία,
562 2811 663 2886 οὐχ
704 2811 879 2879 οὕτως
917 2816 1047 2885 ἔχει·
1088 2811 1279 2867 σκόπει
1316 2809 1424 2885 γάρ
1462 2811 1556 2866 καὶ
1606 2810 1701 2882 σύ,
1743 2807 1780 2865 ἃ
1817 2811 1975 2881 λέγω.
