2020 3198
234 175 345 228 214
891 177 1227 220 ΠΛΑΤῼΝΟΣ
1859 183 1918 224 40

382 293 499 348 Σῼ.
565 290 749 350 Οἶσθα
799 295 882 349 ὅτι
936 296 966 350 ὁ
1020 298 1183 364 λόγος
1235 297 1296 350 τὸ
1352 303 1464 349 πᾶν
1518 297 1772 366 σημαίνει
1823 295 1917 351 καὶ

231 385 426 435 κυκλεῖ
457 380 549 435 καὶ
586 386 746 436 πολεῖ
782 383 883 452 ἀεί,
921 382 1012 438 καὶ
1051 385 1165 437 ἔστι
1205 384 1451 452 διπλοῦς,
1493 383 1707 454 ἀληθής
1737 403 1796 439 τε
1825 383 1918 439 καὶ

231 470 454 537 ψευδής.

379 557 543 611 ΕΡΜ.
608 558 773 612 Πάνυ
811 578 887 626 γε.

381 644 497 698 ΣΩ.
579 646 800 700 Οὐκοῦν
856 648 917 700 τὸ
978 644 1079 716 μὲν
1141 644 1343 716 ἀληθὲς
1395 647 1567 701 αὐτοῦ
1622 652 1773 702 λεῖον
1826 646 1918 702 καὶ

229 737 391 787 θεῖον
440 732 533 788 καὶ
582 734 696 788 ἄνω
749 735 940 788 οἰκοῦν
989 733 1050 788 ἐν
1098 743 1214 798 τοῖς
1263 740 1443 804 θεοῖς,
1493 736 1556 789 τὸ
1606 732 1668 789 δὲ
1712 737 1919 800 ψεῦδος

228 821 373 874 κάτω
425 820 486 875 ἐν
532 830 648 885 τοῖς
693 826 918 886 πολλοῖς
965 831 1077 876 τῶν
1123 822 1439 894 ἀνθρώπων
1487 822 1579 877 καὶ
1615 826 1788 895 τραχὺ
1826 823 1918 878 καὶ

228 910 513 978 τραγικόν·
561 908 805 963 ἐνταῦθα
850 910 956 981 γὰρ
1002 913 1247 964 πλεῖστοι
1295 912 1352 964 οἱ
1395 913 1576 980 μῦθοί
1614 930 1672 966 τε
1720 911 1813 966 καὶ
1850 914 1918 966 τὰ

228 997 406 1064 ψεύδη
448 996 614 1066 ἐστίν,
652 995 779 1067 περὶ
816 999 914 1051 τὸν
951 999 1212 1068 τραγικὸν
1250 1000 1389 1066 βίον.

375 1084 540 1139 ΕΡΜ.
603 1086 766 1138 Πάνυ
805 1105 882 1153 γε.

377 1172 493 1226 ΣΩ.
573 1172 783 1245 Ὀρθῶς
844 1169 930 1245 ἄρ’
998 1172 1067 1227 ἂν
1128 1173 1157 1227 ὁ
1220 1182 1330 1228 πᾶν
1391 1175 1622 1244 μηνύων
1681 1173 1773 1229 καὶ
1828 1174 1912 1230 ἀεὶ

116 1276 122 1279 ’
154 1266 193 1310 D
227 1265 415 1315 πολῶν
456 1262 582 1315 Πὰν
617 1260 622 1332 Ι
659 1264 884 1326 αἰπόλος
922 1267 1025 1331 εἴη,
1066 1262 1270 1331 διφυὴς
1293 1260 1496 1333 Ἑρμοῦ
1534 1263 1672 1332 υἱός,
1711 1264 1777 1316 τὰ
1816 1260 1918 1333 μὲν

227 1350 450 1403 ἄνωθεν
497 1355 667 1417 λεῖος,
715 1351 780 1403 τὰ
821 1347 882 1403 δὲ
919 1350 1171 1403 κάτωθεν
1208 1353 1411 1421 τραχὺς
1449 1349 1542 1404 καὶ
1579 1353 1914 1422 τραγοειδής.

226 1436 319 1491 καὶ
365 1439 515 1491 ἔστιν
560 1439 682 1505 ἤτοι
729 1440 892 1505 λόγος
931 1437 964 1506 ἢ
1005 1439 1175 1506 λόγου
1215 1438 1454 1508 ἀδελφὸς
1494 1438 1523 1492 ὁ
1566 1439 1717 1507 Πάν,
1765 1444 1917 1511 εἴπερ

219 1508 425 1595 εΕρμοῦ
463 1526 583 1589 υἱός
622 1525 792 1579 ἐστιν·
833 1525 1055 1598 ἀδελφῷ
1097 1524 1158 1579 δὲ
1197 1525 1432 1580 ἐοικέναι
1471 1527 1718 1597 ἀδελφὸν
1749 1523 1916 1582 οὐδὲν

225 1616 567 1682 θαυμαστόν.
646 1611 763 1666 ἀλλ’
809 1613 941 1684 ὅπερ
981 1612 1086 1682 ἐγὼ
1126 1615 1334 1682 ἔλεγον,
1375 1611 1417 1668 ὦ
1457 1616 1706 1686 μακάριε,
1747 1615 1912 1669 ἀπαλ-

227 1705 481 1770 λαγῶμεν
521 1701 579 1756 ἐκ
617 1710 728 1755 τῶν
765 1707 931 1755 θεῶν.

374 1790 538 1844 ΕΡΜ.
602 1793 724 1843 Τῶν
761 1810 824 1858 γε
861 1790 1147 1858 τοιούτων,
1188 1785 1230 1843 ὦ
1270 1790 1579 1861 Σώκρατες,
1618 1792 1671 1844 εἰ
1705 1791 1912 1859 βούλει.

226 1877 352 1949 περὶ
393 1875 454 1932 δὲ
484 1886 595 1931 τῶν
626 1879 856 1932 τοιῶνδε
888 1880 946 1931 τί
974 1892 1033 1931 σε
1065 1878 1264 1931 κωλύει
1299 1879 1565 1947 διελθεῖν,
1599 1871 1721 1932 οἷον
1751 1878 1914 1946 ἡλίου

226 1986 284 2020 τε
330 1965 422 2019 καὶ
469 1970 701 2036 σελήνης
745 1965 837 2021 καὶ
883 1967 1102 2038 ἄστρων
1147 1965 1239 2020 καὶ
1282 1973 1383 2035 γῆς
1429 1964 1522 2020 καὶ
1559 1965 1786 2037 αἰθέρος
1822 1965 1915 2020 καὶ

154 2070 193 2114 Ε
228 2053 389 2125 άέρος
434 2054 524 2108 καὶ
562 2056 736 2126 πυρὸς
773 2053 865 2108 καὶ
900 2053 905 2126 Ι
940 2054 1141 2118 ὕδατος
1179 2053 1270 2108 καὶ
1308 2055 1468 2125 ὡρῶν
1499 2053 1590 2108 καὶ
1629 2053 1910 2119 ἐνιαυτοῦ;

377 2141 491 2196 ΣΩ.
539 2144 732 2212 Συχνὰ
771 2141 873 2212 μέν
911 2162 1005 2212 μοι
1043 2143 1411 2213 προστάττεις,
1453 2141 1599 2212 ὅμως
1641 2140 1719 2211 δέ,
1761 2146 1913 2213 εἴπερ

225 2244 316 2284 σοι
347 2229 742 2301 κεχαρισμένον
781 2233 956 2298 ἔσται,
997 2229 1188 2283 ἐθέλω.

375 2318 539 2373 ΕΡΜ.
599 2318 710 2371 Καὶ
749 2320 859 2387 μὴν
890 2326 1080 2388 χαριεῖ.

377 2405 493 2459 ΣΩ.
572 2408 640 2458 Τι’
681 2407 748 2474 δὴ
791 2401 893 2459 οὖν
931 2415 1150 2474 πρῶτον
1187 2405 1399 2472 βούλει;
1452 2402 1485 2471 ἢ
1526 2402 1708 2472 ὥσπερ
1747 2397 1911 2471 εἶπες,
1967 2462 1992 2483 0

223 2496 323 2548 τὸν
361 2494 521 2562 ἥλιον
562 2492 893 2561 διέλθωμεν;

375 2581 539 2635 ΕΡΜ.
603 2581 765 2633 Πάνυ
803 2599 878 2647 γε.

376 2668 493 2723 ΣΩ.
532 2667 714 2722 ’Ἑοικε
752 2669 943 2721 τοίνυν
981 2666 1290 2733 κατάδηλον
1328 2665 1632 2733 γενόμενον
1672 2662 1742 2716 ἂν
1779 2667 1913 2732 μᾶλ-

109 2776 194 2817 409
227 2762 352 2826 λον,
404 2759 456 2811 εἰ
497 2764 571 2830 τῷ
610 2760 846 2827 Δωρικῷ
892 2774 974 2817 τις
1018 2754 1245 2823 ὀνόματι
1286 2751 1292 2823 Ι
1335 2759 1528 2824 χρῷτο.
1611 2751 1769 2804 ἅλιον
1805 2751 1911 2822 γὰρ

226 2851 492 2900 καλοῦσιν
540 2845 598 2899 oc
643 2848 886 2915 Δωριῆς·
934 2843 1085 2905 ἅλιος
1132 2835 1234 2894 οὖν
1282 2845 1364 2909 εἴη
1416 2837 1517 2909 μὲν
1570 2837 1640 2892 ἂν
1677 2838 1811 2892 κατὰ
1848 2838 1911 2892 τὸ
