2020 3198
98 149 154 191 1⁷
766 147 1107 190 ΚΡΑΤΤΛΟΣ.
1677 144 1743 197 19
1752 148 1780 196 1

97 264 333 335 ἐμαυτὸν
381 267 632 335 οἰόμενός
669 284 820 330 τινος
860 266 1044 337 ὥσπερ
1086 272 1274 335 ἴχνους
1313 264 1657 335 ἐφάπτεσθαι
1694 271 1790 333 τῆς

42 403 53 406 -
93 349 328 424 Ὁμήρου
368 354 529 423 δόξης
567 352 692 424 περὶ
732 353 1018 423 ὀνομάτων
1058 354 1383 425 ὀρθότητος;

243 441 410 495 ΕΡΜ.
487 443 588 495 Μὰ
625 439 722 494 Δί’
768 442 835 495 οὐ
879 443 949 495 σύ
986 461 1076 510 γε,
1126 443 1200 505 ὡς
1240 440 1360 511 ἐμοὶ
1402 442 1604 509 δοκεῖς,
1653 440 1789 494 ἀλλὰ

99 532 230 592 ἴσως
266 549 366 583 του
406 529 649 599 έφάπτει.

243 617 394 670 XIII.
466 617 582 670 ΣΩ.
639 619 876 671 Δίκαιόν
914 616 981 685 γέ
1016 619 1107 670 τοί
1133 616 1302 685 ἐστιν,
1345 617 1418 679 ὡς
1450 615 1569 686 ἐμοὶ
1601 619 1789 686 φαίνε-

97 723 204 773 ται,
242 706 341 758 τὸν
379 704 601 769 λέοντος
640 708 871 773 ἔκγονον
910 703 1106 758 λέοντα
1144 710 1334 759 καλεῖν
1368 703 1460 758 καὶ
1489 706 1587 758 τὸν
1618 705 1789 758 ι’ππου

99 793 330 860 ἔκγονον
369 794 552 847 ἵππον.
625 794 692 847 οὔ
730 801 783 846 τι
821 791 981 861 λέγω,
1022 792 1118 846 ἐὰν
1157 794 1339 863 ὥσπερ
1377 792 1536 863 τέρας
1566 792 1789 862 γένηται

99 881 153 946 ἐξ
199 881 370 935 ἵππου
420 883 552 935 άλλο
598 901 651 934 τι
689 880 722 950 ἢ
763 881 951 949 ἵππος,
1002 879 1119 934 ἀλλ’
1166 877 1233 934 οὗ
1273 880 1342 934 ἂν
1384 874 1418 951 ᾖ
1454 887 1553 934 τοῦ
1591 880 1788 949 γένους

99 969 330 1037 ἔκγονον
374 969 476 1038 τὴν
518 974 525 1034 Ι
566 970 765 1038 φύσιν,
811 977 975 1023 τοῦτο
1024 967 1189 1037 λέγω·
1237 968 1334 1022 ἐὰν
1380 970 1510 1037 βοὸς
1556 970 1786 1036 ἔκγονον
1819 969 1852 1014 C

101 1057 267 1125 φύσει
321 1057 484 1120 ἵππος
536 1060 683 1128 παρὰ
737 1058 910 1127 φύσιν
962 1055 1089 1127 τέκῃ
1149 1058 1430 1126 [μόσχον],
1487 1057 1554 1110 οὐ
1600 1061 1787 1110 πῶλον

99 1143 329 1213 κλητέον
377 1145 514 1198 ἀλλὰ
560 1147 790 1215 μόσχον·
842 1143 962 1198 οὐδ’
1016 1144 1084 1197 ἂν
1133 1144 1187 1210 ἐξ
1235 1143 1562 1214 ἀνθρώπου,
1618 1140 1786 1213 οἶμαι,

101 1232 174 1300 μὴ
203 1234 263 1285 τὸ
290 1232 596 1303 ἀνθρώπου
622 1234 852 1301 ἔκγονον
875 1231 1117 1301 γένηται,
1149 1234 1210 1286 τὸ
1237 1234 1466 1300 ἔκγονον
1491 1232 1787 1301 ἄνθρωπος

101 1318 349 1388 κλητέος·
395 1319 487 1374 καὶ
531 1322 598 1374 τὰ
647 1320 850 1392 δένδρα
897 1321 1155 1384 ὡσαύτως
1200 1318 1292 1374 καὶ
1337 1315 1507 1373 τᾶλλα
1553 1319 1789 1372 ἅπαντα·

101 1406 135 1475 ἢ
177 1408 245 1461 οὐ
287 1409 563 1473 ξυνδοκεῖ;

249 1495 414 1549 ΕΡΜ.
493 1495 778 1556 Ξυνδοκεῖ.

252 1582 367 1637 Σῼ.
431 1587 627 1648 Καλῶς
658 1584 855 1652 λέγεις·
889 1586 1127 1654 φύλαττε
1159 1586 1265 1656 γάρ
1298 1604 1381 1654 με,
1415 1586 1488 1653 μή
1519 1599 1592 1653 πῃ
1617 1599 1788 1653 παρα-

103 1672 427 1742 κρούσωμαί
476 1686 551 1726 σε.
634 1675 771 1726 κατὰ
823 1675 929 1742 γὰρ
982 1675 1080 1726 τὸν
1134 1673 1303 1726 αὐτὸν
1357 1674 1526 1740 λόγον
1578 1669 1682 1725 κᾶν
1729 1670 1788 1724 ἐκ

102 1758 369 1828 βασιλέως
413 1762 672 1830 γίγνηταί
711 1781 764 1814 τι
811 1763 1066 1828 ἔκγονον,
1113 1762 1371 1829 βασιλεὺς
1416 1757 1660 1827 κλητέος·
1696 1763 1703 1825 Ι
1738 1760 1790 1812 εί
1817 1766 1857 1811 D

105 1844 165 1901 δὲ
196 1846 256 1901 ἐν
289 1846 496 1919 ἑτέραις
528 1851 828 1917 συλλαβαῖς
858 1848 891 1917 ἢ
926 1847 985 1901 ἐν
1018 1846 1225 1918 ἑτέραις
1255 1848 1316 1900 τὸ
1350 1846 1483 1899 αὐτὸ
1516 1848 1785 1915 σημαίνει,

105 1932 271 1990 οὐδὲν
316 1944 564 2007 πρᾶγμα·
612 1935 733 1989 οὐδ’
782 1938 835 1990 εἰ
868 1938 1190 2006 πρόσκειταί
1222 1955 1275 1988 τι
1312 1935 1533 2005 γράμμα
1573 1932 1692 1988 οὐδ’
1739 1936 1791 1987 εἰ

106 2023 408 2094 ἀφῄρηται,
465 2019 631 2076 οὐδὲν
678 2019 810 2076 οὐδὲ
855 2030 1044 2090 τοῦτο,
1100 2021 1201 2085 ἔως
1247 2020 1316 2074 ἂν
1362 2020 1625 2091 ἐγκρατὴς
1671 2014 1706 2091 ᾗ
1750 2021 1784 2090 ἡ

107 2111 268 2164 οὐσία
305 2118 405 2164 τοῦ
443 2111 758 2181 πράγματος
797 2109 1106 2179 δηλουμένη
1147 2109 1207 2163 ἐν
1243 2115 1318 2181 τῷ
1359 2109 1600 2178 ὀνόματι.

252 2197 418 2251 ΕΡΜ.
496 2202 626 2261 Πῶς
663 2205 825 2251 τοῦτο
865 2196 1061 2266 λέγεις;

255 2284 371 2338 ΣΩ.
445 2282 625 2339 Οὐδὲν
662 2287 932 2354 ποικίλον,
973 2282 1091 2338 ἀλλ’
1137 2285 1318 2355 ὥσπερ
1357 2292 1468 2338 τῶν
1501 2285 1786 2354 στοιχείων

108 2369 276 2428 οἶσθα
308 2373 391 2427 ὅτι
421 2373 661 2442 ὀνόματα
692 2372 940 2443 λέγομεν,
974 2371 1091 2426 ἀλλ’
1130 2373 1231 2426 οὐκ
1263 2372 1400 2425 αὐτὰ
1430 2373 1496 2425 τὰ
1528 2379 1785 2441 στοιχεῖα,

108 2462 251 2529 πλὴν
288 2462 575 2531 τεττάρων,
613 2469 713 2515 τοῦ
753 2481 778 2515 ε
815 2460 907 2515 καὶ
944 2468 1043 2515 τοῦ
1081 2481 1118 2514 υ
1148 2459 1241 2514 καὶ
1271 2467 1370 2514 τοῦ
1403 2479 1433 2513 ο
1464 2458 1556 2513 καὶ
1586 2468 1686 2513 τοῦ
1718 2476 1784 2514 ω·

109 2556 223 2610 τοῖς
277 2546 326 2600 δ’
386 2549 571 2611 ἄλλοις
623 2551 873 2618 φωνήεσί
913 2568 970 2603 τε
1014 2547 1106 2603 καὶ
1153 2548 1396 2617 ἀφώνοις
1443 2543 1610 2601 οἶσθα
1653 2551 1658 2611 Ι
1702 2546 1784 2600 ὅτι
1816 2559 1853 2602 Ε

110 2634 479 2706 περιτιθέντες
495 2637 631 2689 ἄλλα
646 2637 932 2706 γράμματα
949 2635 1196 2706 λέγομεν,
1218 2636 1458 2705 ὀνόματα
1474 2641 1761 2696 ποιοῦντες
1772 2650 1783 2662 ·

112 2718 228 2775 ἀλλ’
266 2722 365 2784 ἕως
396 2721 464 2774 ἂν
496 2723 666 2776 αὐτοῦ
698 2722 1042 2793 δηλουμένην
1071 2724 1172 2792 τὴν
1201 2724 1437 2792 δύναμιν
1462 2722 1782 2789 ἐντιθῶμεν,

112 2810 295 2880 ὀρθῶς
334 2810 440 2879 ἔχει
473 2808 647 2863 έκεῖνο
677 2812 738 2863 τὸ
772 2812 944 2880 ὄνομα
975 2814 1180 2878 καλεῖν,
1221 2809 1249 2863 ὃ
1282 2810 1414 2864 αὐτὸ
1445 2809 1576 2878 ἡμῖν
1609 2808 1782 2876 δηλώ-
