<?xml version="1.0" encoding="UTF-8"?>
<!DOCTYPE html PUBLIC "-//W3C//DTD XHTML 1.0 Transitional//EN"
    "http://www.w3.org/TR/xhtml1/DTD/xhtml1-transitional.dtd">
<html xmlns="http://www.w3.org/1999/xhtml" xml:lang="en" lang="en">
 <head>
  <title>
</title>
<meta http-equiv="Content-Type" content="text/html;charset=utf-8" />
  <meta name='ocr-system' content='tesseract 3.04.00' />
  <meta name='ocr-capabilities' content='ocr_page ocr_carea ocr_par ocr_line ocrx_word'/>
</head>
<body>
  <div class='ocr_page' id='page_1' title='image "./p1dialogisecumdu01platuoft_0265.png"; bbox 0 0 2020 3198; ppageno 0'>
   <div class='ocr_carea' id='block_1_1' title="bbox 96 178 1776 231">
    <p class='ocr_par' dir='ltr' id='par_1_1' title="bbox 96 178 1776 231">
     <span class='ocr_line' id='line_1_1' title="bbox 96 178 1776 231; baseline 0.002 -13"><span class='ocrx_word' id='word_1_1' title='bbox 96 178 156 219; x_wconf 81' lang='lat'><em>45</em></span> <span class='ocrx_word' id='word_1_2' title='bbox 774 178 1115 222; x_wconf 84' lang='grc' dir='ltr'><strong>ΚΡΑΤΤΛΟΣ.</strong></span> <span class='ocrx_word' id='word_1_3' title='bbox 1666 178 1776 231; x_wconf 81' lang='grc'><em>219</em></span> 
     </span>
    </p>
   </div>
   <div class='ocr_carea' id='block_1_2' title="bbox 41 291 1893 2899">
    <p class='ocr_par' dir='ltr' id='par_1_2' title="bbox 97 291 1777 368">
     <span class='ocr_line' id='line_1_2' title="bbox 97 291 1777 368; baseline 0.004 -24"><span class='ocrx_word' id='word_1_4' title='bbox 97 293 305 361; x_wconf 85' lang='grc' dir='ltr'><em>νόησις.</em></span> <span class='ocrx_word' id='word_1_5' title='bbox 385 298 469 362; x_wconf 80' lang='grc' dir='ltr'><em>εἴη</em></span> <span class='ocrx_word' id='word_1_6' title='bbox 511 291 563 346; x_wconf 87' lang='grc' dir='ltr'><em>δ’</em></span> <span class='ocrx_word' id='word_1_7' title='bbox 612 293 681 347; x_wconf 73' lang='grc' dir='ltr'><em>ἂν</em></span> <span class='ocrx_word' id='word_1_8' title='bbox 720 293 810 348; x_wconf 85' lang='grc' dir='ltr'><em>καὶ</em></span> <span class='ocrx_word' id='word_1_9' title='bbox 851 298 1048 364; x_wconf 78' lang='grc' dir='ltr'><em>ὄνησιν</em></span> <span class='ocrx_word' id='word_1_10' title='bbox 1087 296 1389 364; x_wconf 83' lang='grc' dir='ltr'><strong><em>ὑπολαβεῖν</em></strong></span> <span class='ocrx_word' id='word_1_11' title='bbox 1419 306 1619 368; x_wconf 86' lang='grc' dir='ltr'><em>φορᾶς·</em></span> <span class='ocrx_word' id='word_1_12' title='bbox 1659 296 1777 351; x_wconf 88' lang='grc' dir='ltr'><em>ἀλλ’</em></span> 
     </span>
    </p>

    <p class='ocr_par' dir='ltr' id='par_1_3' title="bbox 41 376 1893 2899">
     <span class='ocr_line' id='line_1_3' title="bbox 41 376 1779 454; baseline 0.003 -21"><span class='ocrx_word' id='word_1_13' title='bbox 41 404 51 407; x_wconf 88' lang='grc'><strong>-</strong></span> <span class='ocrx_word' id='word_1_14' title='bbox 98 376 204 433; x_wconf 83' lang='grc' dir='ltr'><em>οὗν</em></span> <span class='ocrx_word' id='word_1_15' title='bbox 262 383 394 450; x_wconf 89' lang='grc' dir='ltr'><em>περί</em></span> <span class='ocrx_word' id='word_1_16' title='bbox 446 401 507 448; x_wconf 88' lang='grc' dir='ltr'><em>γε</em></span> <span class='ocrx_word' id='word_1_17' title='bbox 567 383 628 435; x_wconf 86' lang='grc' dir='ltr'><em>τὸ</em></span> <span class='ocrx_word' id='word_1_18' title='bbox 683 382 962 452; x_wconf 90' lang='grc' dir='ltr'><em>φέρεσθαί</em></span> <span class='ocrx_word' id='word_1_19' title='bbox 1009 383 1171 437; x_wconf 88' lang='grc' dir='ltr'><em>ἐστιν.</em></span> <span class='ocrx_word' id='word_1_20' title='bbox 1256 386 1309 437; x_wconf 83' lang='grc' dir='ltr'><em>εἰ</em></span> <span class='ocrx_word' id='word_1_21' title='bbox 1359 382 1419 438; x_wconf 78' lang='grc' dir='ltr'><em>δὲ</em></span> <span class='ocrx_word' id='word_1_22' title='bbox 1472 387 1685 454; x_wconf 83' lang='grc' dir='ltr'><em>βούλει,</em></span> <span class='ocrx_word' id='word_1_23' title='bbox 1746 385 1779 454; x_wconf 81' lang='grc' dir='ltr'><em>ἡ</em></span> 
     </span>
     <span class='ocr_line' id='line_1_4' title="bbox 96 468 1781 543; baseline 0.004 -23"><span class='ocrx_word' id='word_1_24' title='bbox 96 468 288 537; x_wconf 85' lang='grc' dir='ltr'><em>γνώμη</em></span> <span class='ocrx_word' id='word_1_25' title='bbox 335 470 681 523; x_wconf 91' lang='grc' dir='ltr'><em>παντάπασιν</em></span> <span class='ocrx_word' id='word_1_26' title='bbox 728 472 891 539; x_wconf 90' lang='grc' dir='ltr'><em>δηλοῖ</em></span> <span class='ocrx_word' id='word_1_27' title='bbox 935 478 1104 539; x_wconf 82' lang='grc' dir='ltr'><em>γονῆς</em></span> <span class='ocrx_word' id='word_1_28' title='bbox 1150 470 1344 536; x_wconf 81' lang='grc' dir='ltr'><strong><em>σκέψιν</em></strong></span> <span class='ocrx_word' id='word_1_29' title='bbox 1381 471 1473 526; x_wconf 86' lang='grc' dir='ltr'><em>καὶ</em></span> <span class='ocrx_word' id='word_1_30' title='bbox 1511 475 1781 543; x_wconf 84' lang='grc' dir='ltr'><em>νώμησιν·</em></span> 
     </span>
     <span class='ocr_line' id='line_1_5' title="bbox 96 555 1780 630; baseline 0.005 -22"><span class='ocrx_word' id='word_1_31' title='bbox 96 555 159 608; x_wconf 88' lang='grc' dir='ltr'><em>τὸ</em></span> <span class='ocrx_word' id='word_1_32' title='bbox 205 556 311 626; x_wconf 83' lang='grc' dir='ltr'><em>γὰρ</em></span> <span class='ocrx_word' id='word_1_33' title='bbox 357 565 547 626; x_wconf 82' lang='grc' dir='ltr'><em>νωμᾶν</em></span> <span class='ocrx_word' id='word_1_34' title='bbox 594 556 684 611; x_wconf 85' lang='grc' dir='ltr'><em>καὶ</em></span> <span class='ocrx_word' id='word_1_35' title='bbox 729 559 791 611; x_wconf 92' lang='grc' dir='ltr'><em>τὸ</em></span> <span class='ocrx_word' id='word_1_36' title='bbox 832 568 1056 612; x_wconf 77' lang='grc' dir='ltr'><em>σκοπεῖν</em></span> <span class='ocrx_word' id='word_1_37' title='bbox 1095 560 1309 613; x_wconf 89' lang='grc' dir='ltr'><em>ταύτόν.</em></span> <span class='ocrx_word' id='word_1_38' title='bbox 1387 563 1438 614; x_wconf 84' lang='grc' dir='ltr'><em>εί</em></span> <span class='ocrx_word' id='word_1_39' title='bbox 1475 558 1535 615; x_wconf 75' lang='grc' dir='ltr'><em>δὲ</em></span> <span class='ocrx_word' id='word_1_40' title='bbox 1572 563 1780 630; x_wconf 83' lang='grc' dir='ltr'><em>βούλει,</em></span> 
     </span>
     <span class='ocr_line' id='line_1_6' title="bbox 96 640 1782 713; baseline 0.004 -17"><span class='ocrx_word' id='word_1_41' title='bbox 96 640 232 696; x_wconf 84' lang='grc' dir='ltr'><em>αὐτὸ</em></span> <span class='ocrx_word' id='word_1_42' title='bbox 279 643 313 711; x_wconf 78' lang='grc' dir='ltr'>ἡ</span> <span class='ocrx_word' id='word_1_43' title='bbox 360 646 550 713; x_wconf 88' lang='grc' dir='ltr'><em>νόησις</em></span> <span class='ocrx_word' id='word_1_44' title='bbox 596 653 695 698; x_wconf 85' lang='grc' dir='ltr'><em>τοῦ</em></span> <span class='ocrx_word' id='word_1_45' title='bbox 742 644 874 699; x_wconf 82' lang='grc' dir='ltr'><em>νέου</em></span> <span class='ocrx_word' id='word_1_46' title='bbox 920 645 1069 699; x_wconf 80' lang='grc' dir='ltr'><em>ἐστὶν</em></span> <span class='ocrx_word' id='word_1_47' title='bbox 1116 646 1250 710; x_wconf 77' lang='grc' dir='ltr'><em>ἕσις·</em></span> <span class='ocrx_word' id='word_1_48' title='bbox 1296 649 1358 700; x_wconf 85' lang='grc' dir='ltr'><em>τὸ</em></span> <span class='ocrx_word' id='word_1_49' title='bbox 1406 645 1466 701; x_wconf 77' lang='grc' dir='ltr'><em>δὲ</em></span> <span class='ocrx_word' id='word_1_50' title='bbox 1503 647 1601 702; x_wconf 90' lang='grc' dir='ltr'><em>νέα</em></span> <span class='ocrx_word' id='word_1_51' title='bbox 1639 645 1782 702; x_wconf 82' lang='grc' dir='ltr'><em>εἶναι</em></span> 
     </span>
     <span class='ocr_line' id='line_1_7' title="bbox 95 729 1781 803; baseline 0.004 -19"><span class='ocrx_word' id='word_1_52' title='bbox 95 732 163 784; x_wconf 79' lang='grc' dir='ltr'><em>τὰ</em></span> <span class='ocrx_word' id='word_1_53' title='bbox 220 729 355 785; x_wconf 78' lang='grc' dir='ltr'><em>ὄντα</em></span> <span class='ocrx_word' id='word_1_54' title='bbox 407 736 658 802; x_wconf 81' lang='grc' dir='ltr'><em>σημαίνει</em></span> <span class='ocrx_word' id='word_1_55' title='bbox 710 736 1009 803; x_wconf 89' lang='grc' dir='ltr'><em>γιγνόμενα</em></span> <span class='ocrx_word' id='word_1_56' title='bbox 1061 733 1144 787; x_wconf 87' lang='grc' dir='ltr'><em>ἀεὶ</em></span> <span class='ocrx_word' id='word_1_57' title='bbox 1196 731 1361 788; x_wconf 77' lang='grc' dir='ltr'><em>εἶναι·</em></span> <span class='ocrx_word' id='word_1_58' title='bbox 1422 737 1624 790; x_wconf 91' lang='grc' dir='ltr'><em>τούτου</em></span> <span class='ocrx_word' id='word_1_59' title='bbox 1677 733 1781 790; x_wconf 84' lang='grc' dir='ltr'><em>οὗν</em></span> 
     </span>
     <span class='ocr_line' id='line_1_8' title="bbox 97 817 1848 893; baseline 0.004 -22"><span class='ocrx_word' id='word_1_60' title='bbox 97 817 356 888; x_wconf 88' lang='grc' dir='ltr'><em>ἐφίεσθαι</em></span> <span class='ocrx_word' id='word_1_61' title='bbox 392 820 493 888; x_wconf 86' lang='grc' dir='ltr'><em>τὴν</em></span> <span class='ocrx_word' id='word_1_62' title='bbox 529 818 534 890; x_wconf 87' lang='grc' dir='ltr'>Ι</span> <span class='ocrx_word' id='word_1_63' title='bbox 569 821 752 889; x_wconf 81' lang='grc' dir='ltr'><em>ψυχὴν</em></span> <span class='ocrx_word' id='word_1_64' title='bbox 790 823 986 890; x_wconf 85' lang='grc' dir='ltr'><em>μηνύει</em></span> <span class='ocrx_word' id='word_1_65' title='bbox 1023 822 1084 874; x_wconf 92' lang='grc' dir='ltr'><em>τὸ</em></span> <span class='ocrx_word' id='word_1_66' title='bbox 1126 823 1299 891; x_wconf 81' lang='grc' dir='ltr'><em>ὄνομα</em></span> <span class='ocrx_word' id='word_1_67' title='bbox 1338 823 1366 876; x_wconf 89' lang='grc' dir='ltr'>ὁ</span> <span class='ocrx_word' id='word_1_68' title='bbox 1407 822 1643 892; x_wconf 78' lang='grc' dir='ltr'><em>θέμενος</em></span> <span class='ocrx_word' id='word_1_69' title='bbox 1680 826 1782 893; x_wconf 83' lang='grc' dir='ltr'><em>τὴν</em></span> <span class='ocrx_word' id='word_1_70' title='bbox 1812 823 1848 867; x_wconf 85' lang='grc' dir='ltr'><strong>Ε</strong></span> 
     </span>
     <span class='ocr_line' id='line_1_9' title="bbox 95 907 1774 979; baseline 0.004 -20"><span class='ocrx_word' id='word_1_71' title='bbox 95 908 328 960; x_wconf 88' lang='grc' dir='ltr'><em>νεόεσιν.</em></span> <span class='ocrx_word' id='word_1_72' title='bbox 416 907 484 960; x_wconf 83' lang='grc' dir='ltr'><em>οὐ</em></span> <span class='ocrx_word' id='word_1_73' title='bbox 539 909 644 978; x_wconf 79' lang='grc' dir='ltr'><em>γὰρ</em></span> <span class='ocrx_word' id='word_1_74' title='bbox 698 911 890 977; x_wconf 90' lang='grc' dir='ltr'><em>νόησις</em></span> <span class='ocrx_word' id='word_1_75' title='bbox 942 910 1003 962; x_wconf 88' lang='grc' dir='ltr'><em>τὸ</em></span> <span class='ocrx_word' id='word_1_76' title='bbox 1053 909 1283 979; x_wconf 86' lang='grc' dir='ltr'><em>ἀρχαῖον</em></span> <span class='ocrx_word' id='word_1_77' title='bbox 1329 910 1596 979; x_wconf 87' lang='grc' dir='ltr'><em>ἐκαλεῖτο,</em></span> <span class='ocrx_word' id='word_1_78' title='bbox 1656 910 1774 965; x_wconf 84' lang='grc' dir='ltr'><em>ἀλλ’</em></span> 
     </span>
     <span class='ocr_line' id='line_1_10' title="bbox 97 991 1778 1070; baseline 0.004 -24"><span class='ocrx_word' id='word_1_79' title='bbox 97 992 220 1046; x_wconf 86' lang='grc' dir='ltr'><em>ἀντὶ</em></span> <span class='ocrx_word' id='word_1_80' title='bbox 258 1001 359 1048; x_wconf 87' lang='grc' dir='ltr'><em>τοῦ</em></span> <span class='ocrx_word' id='word_1_81' title='bbox 397 991 499 1063; x_wconf 79' lang='grc' dir='ltr'><em>ἦτα</em></span> <span class='ocrx_word' id='word_1_82' title='bbox 538 993 592 1049; x_wconf 83' lang='grc' dir='ltr'><em>εἶ</em></span> <span class='ocrx_word' id='word_1_83' title='bbox 627 998 738 1049; x_wconf 83' lang='grc' dir='ltr'><em>ἔδει</em></span> <span class='ocrx_word' id='word_1_84' title='bbox 778 996 958 1063; x_wconf 89' lang='grc' dir='ltr'><em>λέγειν</em></span> <span class='ocrx_word' id='word_1_85' title='bbox 990 996 1111 1064; x_wconf 93' lang='grc' dir='ltr'><em>δύο,</em></span> <span class='ocrx_word' id='word_1_86' title='bbox 1150 1000 1380 1051; x_wconf 88' lang='grc' dir='ltr'><em>νεόεσιν.</em></span> <span class='ocrx_word' id='word_1_87' title='bbox 1443 1001 1778 1070; x_wconf 78' lang='grc' dir='ltr'><em>σωφροσύνη</em></span> 
     </span>
     <span class='ocr_line' id='line_1_11' title="bbox 97 1078 1893 1157; baseline 0.003 -22"><span class='ocrx_word' id='word_1_88' title='bbox 97 1078 158 1135; x_wconf 75' lang='grc' dir='ltr'><em>δὲ</em></span> <span class='ocrx_word' id='word_1_89' title='bbox 204 1085 444 1153; x_wconf 86' lang='grc' dir='ltr'><em>σωτηρία</em></span> <span class='ocrx_word' id='word_1_90' title='bbox 492 1080 559 1137; x_wconf 84' lang='grc' dir='ltr'><em>οὗ</em></span> <span class='ocrx_word' id='word_1_91' title='bbox 606 1093 711 1138; x_wconf 87' lang='grc' dir='ltr'><em>νῦν</em></span> <span class='ocrx_word' id='word_1_92' title='bbox 760 1086 827 1152; x_wconf 85' lang='grc' dir='ltr'><em>δὴ</em></span> <span class='ocrx_word' id='word_1_93' title='bbox 876 1083 1207 1154; x_wconf 81' lang='grc' dir='ltr'><em>ἐσκέμμεθα,</em></span> <span class='ocrx_word' id='word_1_94' title='bbox 1247 1089 1581 1155; x_wconf 88' lang='grc' dir='ltr'><em>φρονήσεως.</em></span> <span class='ocrx_word' id='word_1_95' title='bbox 1633 1086 1638 1157; x_wconf 88' lang='grc' dir='ltr'>Ι</span> <span class='ocrx_word' id='word_1_96' title='bbox 1686 1087 1777 1145; x_wconf 84' lang='grc' dir='ltr'><em>καὶ</em></span> <span class='ocrx_word' id='word_1_97' title='bbox 1809 1090 1893 1130; x_wconf 83' lang='lat'><em>412</em></span> 
     </span>
     <span class='ocr_line' id='line_1_12' title="bbox 95 1170 1779 1245; baseline 0.003 -22"><span class='ocrx_word' id='word_1_98' title='bbox 95 1170 206 1239; x_wconf 86' lang='grc' dir='ltr'><em>μὴν</em></span> <span class='ocrx_word' id='word_1_99' title='bbox 250 1170 286 1238; x_wconf 77' lang='grc' dir='ltr'>ἥ</span> <span class='ocrx_word' id='word_1_100' title='bbox 331 1190 393 1239; x_wconf 88' lang='grc' dir='ltr'><em>γε</em></span> <span class='ocrx_word' id='word_1_101' title='bbox 441 1171 705 1241; x_wconf 82' lang='grc' dir='ltr'><em>ἐπιστήμη</em></span> <span class='ocrx_word' id='word_1_102' title='bbox 746 1174 942 1241; x_wconf 89' lang='grc' dir='ltr'><em>μηνύει</em></span> <span class='ocrx_word' id='word_1_103' title='bbox 981 1174 1054 1235; x_wconf 86' lang='grc' dir='ltr'><em>ὡς</em></span> <span class='ocrx_word' id='word_1_104' title='bbox 1093 1173 1419 1243; x_wconf 78' lang='grc' dir='ltr'><em>φερομένοις</em></span> <span class='ocrx_word' id='word_1_105' title='bbox 1457 1184 1572 1237; x_wconf 88' lang='grc' dir='ltr'><em>τοῖς</em></span> <span class='ocrx_word' id='word_1_106' title='bbox 1609 1176 1779 1245; x_wconf 92' lang='grc' dir='ltr'><em>πράγ-</em></span> 
     </span>
     <span class='ocr_line' id='line_1_13' title="bbox 95 1257 1779 1329; baseline 0.002 -18"><span class='ocrx_word' id='word_1_107' title='bbox 95 1271 264 1326; x_wconf 85' lang='grc' dir='ltr'><em>μασιν</em></span> <span class='ocrx_word' id='word_1_108' title='bbox 305 1257 571 1327; x_wconf 81' lang='grc' dir='ltr'><em>ἑπομένης</em></span> <span class='ocrx_word' id='word_1_109' title='bbox 609 1266 704 1326; x_wconf 84' lang='grc' dir='ltr'><em>τῆς</em></span> <span class='ocrx_word' id='word_1_110' title='bbox 742 1267 918 1328; x_wconf 81' lang='grc' dir='ltr'><em>ψυχῆς</em></span> <span class='ocrx_word' id='word_1_111' title='bbox 956 1267 1051 1328; x_wconf 84' lang='grc' dir='ltr'><em>τῆς</em></span> <span class='ocrx_word' id='word_1_112' title='bbox 1091 1260 1242 1325; x_wconf 81' lang='grc' dir='ltr'><em>ἀξίας</em></span> <span class='ocrx_word' id='word_1_113' title='bbox 1281 1263 1476 1329; x_wconf 86' lang='grc' dir='ltr'><em>λόγου,</em></span> <span class='ocrx_word' id='word_1_114' title='bbox 1524 1260 1614 1314; x_wconf 86' lang='grc' dir='ltr'><em>καὶ</em></span> <span class='ocrx_word' id='word_1_115' title='bbox 1653 1263 1779 1315; x_wconf 81' lang='grc' dir='ltr'><em>οὔτε</em></span> 
     </span>
     <span class='ocr_line' id='line_1_14' title="bbox 96 1345 1780 1416; baseline 0.002 -17"><span class='ocrx_word' id='word_1_116' title='bbox 96 1345 533 1415; x_wconf 83' lang='grc' dir='ltr'><em>ἀπολειπομένης</em></span> <span class='ocrx_word' id='word_1_117' title='bbox 584 1347 708 1399; x_wconf 78' lang='grc' dir='ltr'><em>οὔτε</em></span> <span class='ocrx_word' id='word_1_118' title='bbox 755 1347 1127 1416; x_wconf 80' lang='grc' dir='ltr'><em>προθεούσης·</em></span> <span class='ocrx_word' id='word_1_119' title='bbox 1168 1348 1254 1399; x_wconf 92' lang='grc' dir='ltr'><em>διὸ</em></span> <span class='ocrx_word' id='word_1_120' title='bbox 1303 1348 1370 1414; x_wconf 83' lang='grc' dir='ltr'><em>δὴ</em></span> <span class='ocrx_word' id='word_1_121' title='bbox 1412 1346 1780 1416; x_wconf 79' lang='grc' dir='ltr'><em>ἐμβάλλοντας</em></span> 
     </span>
     <span class='ocr_line' id='line_1_15' title="bbox 97 1431 1778 1503; baseline 0.001 -16"><span class='ocrx_word' id='word_1_122' title='bbox 97 1435 187 1488; x_wconf 90' lang='grc' dir='ltr'><em>δεῖ</em></span> <span class='ocrx_word' id='word_1_123' title='bbox 227 1436 290 1488; x_wconf 90' lang='grc' dir='ltr'><em>τὸ</em></span> <span class='ocrx_word' id='word_1_124' title='bbox 331 1431 384 1487; x_wconf 79' lang='grc' dir='ltr'><em>εἴ</em></span> <span class='ocrx_word' id='word_1_125' title='bbox 420 1433 721 1503; x_wconf 78' lang='grc' dir='ltr'><em>ἐπιστήμην</em></span> <span class='ocrx_word' id='word_1_126' title='bbox 762 1432 935 1502; x_wconf 84' lang='grc' dir='ltr'><em>αὐτὴν</em></span> <span class='ocrx_word' id='word_1_127' title='bbox 974 1434 1273 1502; x_wconf 80' lang='grc' dir='ltr'><em>ὀνομάζειν.</em></span> <span class='ocrx_word' id='word_1_128' title='bbox 1352 1437 1574 1499; x_wconf 90' lang='grc' dir='ltr'><em>σύνεσις</em></span> <span class='ocrx_word' id='word_1_129' title='bbox 1612 1435 1662 1489; x_wconf 85' lang='grc' dir='ltr'><em>δ’</em></span> <span class='ocrx_word' id='word_1_130' title='bbox 1708 1432 1778 1489; x_wconf 84' lang='grc' dir='ltr'><em>αὗ</em></span> 
     </span>
     <span class='ocr_line' id='line_1_16' title="bbox 96 1518 1778 1591; baseline 0.001 -16"><span class='ocrx_word' id='word_1_131' title='bbox 96 1521 239 1576; x_wconf 80' lang='grc' dir='ltr'><em>οὕτω</em></span> <span class='ocrx_word' id='word_1_132' title='bbox 289 1518 389 1590; x_wconf 76' lang='grc' dir='ltr'><em>μὲν</em></span> <span class='ocrx_word' id='word_1_133' title='bbox 436 1521 645 1586; x_wconf 81' lang='grc' dir='ltr'><em>δόξειεν</em></span> <span class='ocrx_word' id='word_1_134' title='bbox 691 1520 760 1574; x_wconf 77' lang='grc' dir='ltr'><em>ἂν</em></span> <span class='ocrx_word' id='word_1_135' title='bbox 807 1522 987 1591; x_wconf 83' lang='grc' dir='ltr'><em>ὥσπερ</em></span> <span class='ocrx_word' id='word_1_136' title='bbox 1029 1523 1397 1590; x_wconf 86' lang='grc' dir='ltr'><em>συλλογισμὸς</em></span> <span class='ocrx_word' id='word_1_137' title='bbox 1434 1519 1600 1576; x_wconf 84' lang='grc' dir='ltr'><em>εἶναι·</em></span> <span class='ocrx_word' id='word_1_138' title='bbox 1647 1523 1778 1576; x_wconf 84' lang='grc' dir='ltr'><em>ὅταν</em></span> 
     </span>
     <span class='ocr_line' id='line_1_17' title="bbox 95 1606 1778 1683; baseline 0.001 -20"><span class='ocrx_word' id='word_1_139' title='bbox 95 1606 158 1663; x_wconf 78' lang='grc' dir='ltr'><em>δὲ</em></span> <span class='ocrx_word' id='word_1_140' title='bbox 209 1607 459 1662; x_wconf 87' lang='grc' dir='ltr'><em>συνιέναι</em></span> <span class='ocrx_word' id='word_1_141' title='bbox 510 1609 754 1678; x_wconf 75' lang='grc' dir='ltr'><em>λέγηται,</em></span> <span class='ocrx_word' id='word_1_142' title='bbox 806 1608 1010 1662; x_wconf 87' lang='grc' dir='ltr'><em>ταύτὸν</em></span> <span class='ocrx_word' id='word_1_143' title='bbox 1056 1611 1403 1663; x_wconf 88' lang='grc' dir='ltr'><em>παντάπασιν</em></span> <span class='ocrx_word' id='word_1_144' title='bbox 1448 1619 1523 1683; x_wconf 79' lang='grc' dir='ltr'><em>τῷ</em></span> <span class='ocrx_word' id='word_1_145' title='bbox 1563 1611 1778 1665; x_wconf 89' lang='grc' dir='ltr'><em>ἐπίστα-</em></span> 
     </span>
     <span class='ocr_line' id='line_1_18' title="bbox 96 1698 1778 1769; baseline 0.002 -20"><span class='ocrx_word' id='word_1_146' title='bbox 96 1701 231 1749; x_wconf 89' lang='grc' dir='ltr'><em>σθαι</em></span> <span class='ocrx_word' id='word_1_147' title='bbox 279 1700 568 1767; x_wconf 87' lang='grc' dir='ltr'><em>συμβαίνει</em></span> <span class='ocrx_word' id='word_1_148' title='bbox 615 1700 938 1766; x_wconf 90' lang='grc' dir='ltr'><em>λεγόμενον·</em></span> <span class='ocrx_word' id='word_1_149' title='bbox 986 1700 1436 1767; x_wconf 89' lang='grc' dir='ltr'><em>συμπορεύεσθαι</em></span> <span class='ocrx_word' id='word_1_150' title='bbox 1480 1701 1585 1769; x_wconf 86' lang='grc' dir='ltr'><em>γὰρ</em></span> <span class='ocrx_word' id='word_1_151' title='bbox 1632 1698 1778 1767; x_wconf 84' lang='grc' dir='ltr'><em>λέγει</em></span> 
     </span>
     <span class='ocr_line' id='line_1_19' title="bbox 94 1783 1844 1855; baseline 0.002 -19"><span class='ocrx_word' id='word_1_152' title='bbox 94 1784 194 1852; x_wconf 82' lang='grc' dir='ltr'><em>τὴν</em></span> <span class='ocrx_word' id='word_1_153' title='bbox 247 1785 431 1852; x_wconf 81' lang='grc' dir='ltr'><em>ψυχὴν</em></span> <span class='ocrx_word' id='word_1_154' title='bbox 469 1793 583 1847; x_wconf 89' lang='grc' dir='ltr'><em>τοῖς</em></span> <span class='ocrx_word' id='word_1_155' title='bbox 618 1783 623 1853; x_wconf 91' lang='grc' dir='ltr'>Ι</span> <span class='ocrx_word' id='word_1_156' title='bbox 660 1786 938 1854; x_wconf 81' lang='grc' dir='ltr'><em>πράγμασι</em></span> <span class='ocrx_word' id='word_1_157' title='bbox 976 1787 1036 1837; x_wconf 90' lang='grc' dir='ltr'><em>τὸ</em></span> <span class='ocrx_word' id='word_1_158' title='bbox 1078 1785 1341 1839; x_wconf 87' lang='grc' dir='ltr'><em>συνιέναι.</em></span> <span class='ocrx_word' id='word_1_159' title='bbox 1420 1786 1557 1839; x_wconf 82' lang='grc' dir='ltr'><em>ἀλλὰ</em></span> <span class='ocrx_word' id='word_1_160' title='bbox 1595 1788 1704 1855; x_wconf 88' lang='grc' dir='ltr'><em>μὴν</em></span> <span class='ocrx_word' id='word_1_161' title='bbox 1742 1788 1776 1855; x_wconf 77' lang='grc' dir='ltr'>ἥ</span> <span class='ocrx_word' id='word_1_162' title='bbox 1808 1787 1844 1831; x_wconf 88' lang='grc' dir='ltr'>Β</span> 
     </span>
     <span class='ocr_line' id='line_1_20' title="bbox 94 1871 1776 1943; baseline 0.002 -19"><span class='ocrx_word' id='word_1_163' title='bbox 94 1890 154 1939; x_wconf 89' lang='grc' dir='ltr'><em>γε</em></span> <span class='ocrx_word' id='word_1_164' title='bbox 195 1874 364 1940; x_wconf 85' lang='grc' dir='ltr'><em>σοφία</em></span> <span class='ocrx_word' id='word_1_165' title='bbox 404 1880 581 1942; x_wconf 85' lang='grc' dir='ltr'><em>φορᾶς</em></span> <span class='ocrx_word' id='word_1_166' title='bbox 620 1871 964 1940; x_wconf 81' lang='grc' dir='ltr'><em>ἐφάπτεσθαι</em></span> <span class='ocrx_word' id='word_1_167' title='bbox 1003 1875 1268 1942; x_wconf 88' lang='grc' dir='ltr'><em>σημαίνει.</em></span> <span class='ocrx_word' id='word_1_168' title='bbox 1338 1872 1776 1943; x_wconf 82' lang='grc' dir='ltr'><em>σκοτωδέστερον</em></span> 
     </span>
     <span class='ocr_line' id='line_1_21' title="bbox 94 1956 1776 2030; baseline 0.001 -18"><span class='ocrx_word' id='word_1_169' title='bbox 94 1956 155 2012; x_wconf 78' lang='grc' dir='ltr'><em>δὲ</em></span> <span class='ocrx_word' id='word_1_170' title='bbox 201 1966 365 2012; x_wconf 86' lang='grc' dir='ltr'><em>τοῦτο</em></span> <span class='ocrx_word' id='word_1_171' title='bbox 411 1958 502 2011; x_wconf 86' lang='grc' dir='ltr'><em>καὶ</em></span> <span class='ocrx_word' id='word_1_172' title='bbox 549 1958 926 2028; x_wconf 80' lang='grc' dir='ltr'><em>ξενικώτερον·</em></span> <span class='ocrx_word' id='word_1_173' title='bbox 975 1959 1111 2012; x_wconf 82' lang='grc' dir='ltr'><em>ἀλλὰ</em></span> <span class='ocrx_word' id='word_1_174' title='bbox 1158 1961 1246 2012; x_wconf 87' lang='grc' dir='ltr'><em>δεῖ</em></span> <span class='ocrx_word' id='word_1_175' title='bbox 1288 1959 1347 2013; x_wconf 85' lang='grc' dir='ltr'><em>ἐκ</em></span> <span class='ocrx_word' id='word_1_176' title='bbox 1385 1969 1495 2013; x_wconf 80' lang='grc' dir='ltr'><em>τῶν</em></span> <span class='ocrx_word' id='word_1_177' title='bbox 1533 1970 1776 2030; x_wconf 84' lang='grc' dir='ltr'><em>ποιητῶν</em></span> 
     </span>
     <span class='ocr_line' id='line_1_22' title="bbox 94 2045 1776 2116; baseline 0.001 -17"><span class='ocrx_word' id='word_1_178' title='bbox 94 2046 625 2116; x_wconf 81' lang='grc' dir='ltr'><em>ἀναμιμνῄσκεσθαι,</em></span> <span class='ocrx_word' id='word_1_179' title='bbox 666 2046 749 2098; x_wconf 82' lang='grc' dir='ltr'><em>ὅτι</em></span> <span class='ocrx_word' id='word_1_180' title='bbox 786 2050 1065 2114; x_wconf 88' lang='grc' dir='ltr'><em>πολλαχοῦ</em></span> <span class='ocrx_word' id='word_1_181' title='bbox 1098 2045 1357 2113; x_wconf 90' lang='grc' dir='ltr'><em>λέγουσιν</em></span> <span class='ocrx_word' id='word_1_182' title='bbox 1388 2045 1513 2116; x_wconf 87' lang='grc' dir='ltr'><em>περὶ</em></span> <span class='ocrx_word' id='word_1_183' title='bbox 1545 2047 1675 2101; x_wconf 83' lang='grc' dir='ltr'><em>ὅτου</em></span> <span class='ocrx_word' id='word_1_184' title='bbox 1707 2047 1776 2100; x_wconf 74' lang='grc' dir='ltr'><em>ἂν</em></span> 
     </span>
     <span class='ocr_line' id='line_1_23' title="bbox 92 2132 1772 2203; baseline 0.001 -16"><span class='ocrx_word' id='word_1_185' title='bbox 92 2135 331 2203; x_wconf 89' lang='grc' dir='ltr'><em>τύχωσιν</em></span> <span class='ocrx_word' id='word_1_186' title='bbox 369 2142 478 2186; x_wconf 84' lang='grc' dir='ltr'><em>τῶν</em></span> <span class='ocrx_word' id='word_1_187' title='bbox 519 2132 837 2202; x_wconf 87' lang='grc' dir='ltr'><em>ἀρχομένων</em></span> <span class='ocrx_word' id='word_1_188' title='bbox 875 2136 1010 2201; x_wconf 85' lang='grc' dir='ltr'><em>ταχὺ</em></span> <span class='ocrx_word' id='word_1_189' title='bbox 1048 2133 1323 2203; x_wconf 83' lang='grc' dir='ltr'><em>προϊέναι,</em></span> <span class='ocrx_word' id='word_1_190' title='bbox 1372 2134 1548 2203; x_wconf 86' lang='grc' dir='ltr'><em>ἐσύθη</em></span> <span class='ocrx_word' id='word_1_191' title='bbox 1589 2137 1772 2203; x_wconf 89' lang='grc' dir='ltr'><em>φασίν.</em></span> 
     </span>
     <span class='ocr_line' id='line_1_24' title="bbox 91 2217 1774 2292; baseline 0.001 -18"><span class='ocrx_word' id='word_1_192' title='bbox 91 2224 396 2292; x_wconf 77' lang='grc' dir='ltr'><em>Λακωνικῷ</em></span> <span class='ocrx_word' id='word_1_193' title='bbox 461 2217 521 2273; x_wconf 73' lang='grc' dir='ltr'><em>δὲ</em></span> <span class='ocrx_word' id='word_1_194' title='bbox 584 2219 741 2290; x_wconf 84' lang='grc' dir='ltr'><em>ἀνδρὶ</em></span> <span class='ocrx_word' id='word_1_195' title='bbox 805 2230 916 2273; x_wconf 85' lang='grc' dir='ltr'><em>τῶν</em></span> <span class='ocrx_word' id='word_1_196' title='bbox 974 2221 1281 2290; x_wconf 87' lang='grc' dir='ltr'><em>εὐδοκίμων</em></span> <span class='ocrx_word' id='word_1_197' title='bbox 1334 2220 1423 2274; x_wconf 80' lang='grc' dir='ltr'><em>καὶ</em></span> <span class='ocrx_word' id='word_1_198' title='bbox 1479 2223 1652 2291; x_wconf 78' lang='grc' dir='ltr'><em>ὄνομα</em></span> <span class='ocrx_word' id='word_1_199' title='bbox 1705 2220 1774 2291; x_wconf 80' lang='grc' dir='ltr'><em>ἦν</em></span> 
     </span>
     <span class='ocr_line' id='line_1_25' title="bbox 91 2308 1773 2378; baseline 0.002 -18"><span class='ocrx_word' id='word_1_200' title='bbox 91 2312 264 2372; x_wconf 88' lang='grc' dir='ltr'><em>Σοῦς·</em></span> <span class='ocrx_word' id='word_1_201' title='bbox 304 2309 405 2376; x_wconf 86' lang='grc' dir='ltr'><em>τὴν</em></span> <span class='ocrx_word' id='word_1_202' title='bbox 443 2309 547 2378; x_wconf 83' lang='grc' dir='ltr'><em>γὰρ</em></span> <span class='ocrx_word' id='word_1_203' title='bbox 586 2316 806 2376; x_wconf 88' lang='grc' dir='ltr'><em>ταχεῖαν</em></span> <span class='ocrx_word' id='word_1_204' title='bbox 846 2308 1020 2377; x_wconf 87' lang='grc' dir='ltr'><em>ὁρμὴν</em></span> <span class='ocrx_word' id='word_1_205' title='bbox 1061 2308 1118 2360; x_wconf 80' lang='grc' dir='ltr'><em>οἱ</em></span> <span class='ocrx_word' id='word_1_206' title='bbox 1144 2310 1573 2378; x_wconf 89' lang='grc' dir='ltr'><em>Λακεδαιμόνιοι</em></span> <span class='ocrx_word' id='word_1_207' title='bbox 1610 2319 1773 2364; x_wconf 90' lang='grc' dir='ltr'><em>τοῦτο</em></span> 
     </span>
     <span class='ocr_line' id='line_1_26' title="bbox 91 2390 1770 2467; baseline 0.002 -19"><span class='ocrx_word' id='word_1_208' title='bbox 91 2400 371 2449; x_wconf 85' lang='grc' dir='ltr'><em>καλοῦσιν.</em></span> <span class='ocrx_word' id='word_1_209' title='bbox 448 2390 795 2463; x_wconf 86' lang='grc' dir='ltr'><em>ταύτης-οὗν</em></span> <span class='ocrx_word' id='word_1_210' title='bbox 840 2402 935 2462; x_wconf 80' lang='grc' dir='ltr'><em>τῆς</em></span> <span class='ocrx_word' id='word_1_211' title='bbox 973 2403 1152 2466; x_wconf 81' lang='grc' dir='ltr'><em>φορᾶς</em></span> <span class='ocrx_word' id='word_1_212' title='bbox 1191 2395 1409 2465; x_wconf 88' lang='grc' dir='ltr'><em>ἐπαφὴν</em></span> <span class='ocrx_word' id='word_1_213' title='bbox 1448 2399 1699 2467; x_wconf 87' lang='grc' dir='ltr'><em>σημαίνει</em></span> <span class='ocrx_word' id='word_1_214' title='bbox 1737 2399 1770 2466; x_wconf 82' lang='grc' dir='ltr'><em>ἡ</em></span> 
     </span>
     <span class='ocr_line' id='line_1_27' title="bbox 93 2481 1771 2554; baseline 0.002 -19"><span class='ocrx_word' id='word_1_215' title='bbox 93 2485 289 2552; x_wconf 91' lang='grc' dir='ltr'><em>σοφία,</em></span> <span class='ocrx_word' id='word_1_216' title='bbox 349 2484 421 2545; x_wconf 84' lang='grc' dir='ltr'><em>ὡς</em></span> <span class='ocrx_word' id='word_1_217' title='bbox 481 2481 804 2552; x_wconf 88' lang='grc' dir='ltr'><em>φερομένων</em></span> <span class='ocrx_word' id='word_1_218' title='bbox 860 2492 972 2536; x_wconf 85' lang='grc' dir='ltr'><em>τῶν</em></span> <span class='ocrx_word' id='word_1_219' title='bbox 1022 2484 1212 2536; x_wconf 80' lang='grc' dir='ltr'><em>ὄντων.</em></span> <span class='ocrx_word' id='word_1_220' title='bbox 1300 2483 1392 2538; x_wconf 84' lang='grc' dir='ltr'><em>καὶ</em></span> <span class='ocrx_word' id='word_1_221' title='bbox 1441 2487 1550 2554; x_wconf 87' lang='grc' dir='ltr'><em>μὴν</em></span> <span class='ocrx_word' id='word_1_222' title='bbox 1598 2488 1660 2538; x_wconf 90' lang='grc' dir='ltr'><em>τό</em></span> <span class='ocrx_word' id='word_1_223' title='bbox 1710 2505 1771 2553; x_wconf 90' lang='grc' dir='ltr'><em>γε</em></span> 
     </span>
     <span class='ocr_line' id='line_1_28' title="bbox 92 2569 1834 2644; baseline 0 -22"><span class='ocrx_word' id='word_1_224' title='bbox 92 2569 335 2637; x_wconf 90' lang='grc' dir='ltr'><em>ἀγαθόν,</em></span> <span class='ocrx_word' id='word_1_225' title='bbox 380 2569 580 2639; x_wconf 83' lang='grc' dir='ltr'><em>Ιτοῢτο</em></span> <span class='ocrx_word' id='word_1_226' title='bbox 627 2578 722 2637; x_wconf 82' lang='grc' dir='ltr'><em>τῆς</em></span> <span class='ocrx_word' id='word_1_227' title='bbox 769 2571 987 2639; x_wconf 91' lang='grc' dir='ltr'><em>φύσεως</em></span> <span class='ocrx_word' id='word_1_228' title='bbox 1034 2572 1210 2639; x_wconf 89' lang='grc' dir='ltr'><em>πάσης</em></span> <span class='ocrx_word' id='word_1_229' title='bbox 1253 2579 1327 2643; x_wconf 78' lang='grc' dir='ltr'><em>τῷ</em></span> <span class='ocrx_word' id='word_1_230' title='bbox 1376 2572 1590 2644; x_wconf 77' lang='grc' dir='ltr'><em>ἀγαστῷ</em></span> <span class='ocrx_word' id='word_1_231' title='bbox 1637 2573 1767 2640; x_wconf 90' lang='grc' dir='ltr'><em>βού-</em></span> <span class='ocrx_word' id='word_1_232' title='bbox 1801 2578 1834 2622; x_wconf 89' lang='lat' dir='ltr'>C</span> 
     </span>
     <span class='ocr_line' id='line_1_29' title="bbox 92 2657 1773 2729; baseline 0.002 -21"><span class='ocrx_word' id='word_1_233' title='bbox 92 2660 242 2709; x_wconf 88' lang='grc' dir='ltr'><em>λεται</em></span> <span class='ocrx_word' id='word_1_234' title='bbox 288 2658 349 2709; x_wconf 90' lang='grc' dir='ltr'><em>τὸ</em></span> <span class='ocrx_word' id='word_1_235' title='bbox 401 2657 574 2724; x_wconf 77' lang='grc' dir='ltr'><em>ὄνομα</em></span> <span class='ocrx_word' id='word_1_236' title='bbox 614 2657 935 2710; x_wconf 85' lang='grc' dir='ltr'><em>ἐπικεῖσθαι.</em></span> <span class='ocrx_word' id='word_1_237' title='bbox 1012 2657 1198 2726; x_wconf 83' lang='grc' dir='ltr'><em>ἐπειδὴ</em></span> <span class='ocrx_word' id='word_1_238' title='bbox 1237 2659 1342 2729; x_wconf 79' lang='grc' dir='ltr'><em>γὰρ</em></span> <span class='ocrx_word' id='word_1_239' title='bbox 1381 2661 1670 2729; x_wconf 91' lang='grc' dir='ltr'><em>πορεύεται</em></span> <span class='ocrx_word' id='word_1_240' title='bbox 1707 2661 1773 2712; x_wconf 82' lang='grc' dir='ltr'><em>τὰ</em></span> 
     </span>
     <span class='ocr_line' id='line_1_30' title="bbox 92 2740 1771 2815; baseline 0.002 -20"><span class='ocrx_word' id='word_1_241' title='bbox 92 2744 243 2811; x_wconf 84' lang='grc' dir='ltr'><em>ὄντα,</em></span> <span class='ocrx_word' id='word_1_242' title='bbox 284 2745 366 2796; x_wconf 86' lang='grc' dir='ltr'><em>ἔνι</em></span> <span class='ocrx_word' id='word_1_243' title='bbox 405 2740 504 2812; x_wconf 75' lang='grc' dir='ltr'><em>μὲν</em></span> <span class='ocrx_word' id='word_1_244' title='bbox 536 2742 623 2813; x_wconf 78' lang='grc' dir='ltr'><em>ἄρ’</em></span> <span class='ocrx_word' id='word_1_245' title='bbox 654 2744 840 2807; x_wconf 85' lang='grc' dir='ltr'><em>αὐτοῖς</em></span> <span class='ocrx_word' id='word_1_246' title='bbox 869 2746 1048 2814; x_wconf 82' lang='grc' dir='ltr'><em>τάχος,</em></span> <span class='ocrx_word' id='word_1_247' title='bbox 1081 2747 1162 2798; x_wconf 81' lang='grc' dir='ltr'><em>ἔνι</em></span> <span class='ocrx_word' id='word_1_248' title='bbox 1196 2742 1256 2798; x_wconf 74' lang='grc' dir='ltr'><em>δὲ</em></span> <span class='ocrx_word' id='word_1_249' title='bbox 1287 2747 1574 2815; x_wconf 83' lang='grc' dir='ltr'><em>βραδυτής.</em></span> <span class='ocrx_word' id='word_1_250' title='bbox 1622 2747 1771 2798; x_wconf 83' lang='grc' dir='ltr'><em>ἔστιν</em></span> 
     </span>
     <span class='ocr_line' id='line_1_31' title="bbox 91 2825 1769 2899; baseline 0.001 -16"><span class='ocrx_word' id='word_1_251' title='bbox 91 2825 195 2883; x_wconf 81' lang='grc' dir='ltr'><em>οὖν</em></span> <span class='ocrx_word' id='word_1_252' title='bbox 246 2829 313 2883; x_wconf 87' lang='grc' dir='ltr'><em>οὐ</em></span> <span class='ocrx_word' id='word_1_253' title='bbox 364 2837 473 2883; x_wconf 87' lang='grc' dir='ltr'><em>πᾶν</em></span> <span class='ocrx_word' id='word_1_254' title='bbox 522 2831 583 2883; x_wconf 87' lang='grc' dir='ltr'><em>τὸ</em></span> <span class='ocrx_word' id='word_1_255' title='bbox 632 2832 793 2899; x_wconf 83' lang='grc' dir='ltr'><em>ταχύ,</em></span> <span class='ocrx_word' id='word_1_256' title='bbox 845 2831 980 2884; x_wconf 86' lang='grc' dir='ltr'><em>ἀλλὰ</em></span> <span class='ocrx_word' id='word_1_257' title='bbox 1025 2830 1076 2884; x_wconf 80' lang='grc' dir='ltr'><em>τὶ</em></span> <span class='ocrx_word' id='word_1_258' title='bbox 1123 2829 1293 2885; x_wconf 87' lang='grc' dir='ltr'><em>αὐτοῦ</em></span> <span class='ocrx_word' id='word_1_259' title='bbox 1342 2832 1593 2899; x_wconf 88' lang='grc' dir='ltr'><em>ἀγαστόν.</em></span> <span class='ocrx_word' id='word_1_260' title='bbox 1670 2840 1769 2885; x_wconf 90' lang='grc' dir='ltr'><em>τοῦ</em></span> 
     </span>
    </p>
   </div>
  </div>
 </body>
</html>
