2020 3198
34 82 37 83 ⁷
116 113 175 155 25
780 111 1106 153 ΚΡΑΤΤΛΟΣ
1687 109 1797 163 199

265 228 432 282 EPM.
507 227 618 282 Καὶ
671 228 777 297 ἐγώ
832 248 925 298 μοι
980 229 1150 298 δοκῶ,
1205 225 1248 283 ὦ
1303 231 1618 301 Σώκρατες,
1672 231 1800 283 τού-

18 368 19 374 ,
52 380 63 383 ,
115 335 218 370 του
251 316 398 369 πάνυ
431 329 520 370 σοι
551 317 848 386 σύμψηφος
878 311 1035 370 εἶναι.
1077 315 1106 369 ὁ
1139 313 1200 370 δὲ
1232 317 1299 386 δὴ
1332 317 1478 388 ἥρως
1508 319 1567 370 τί
1594 315 1662 370 ἂν
1686 321 1797 384 εἴη,

268 403 384 457 ΣΩ.
461 407 636 458 Τοῦτο
677 402 737 457 δὲ
777 404 844 457 οὐ
881 405 1028 457 πάνυ
1066 406 1304 474 χαλεπὸν
1336 404 1608 473 ἐννοῆσαι.
1681 419 1803 475 σμι·

118 492 253 562 κρὸν
298 492 404 561 γὰρ
447 499 717 560 παρῆκται
763 491 945 545 αὐτῶν
989 493 1051 545 τὸ
1100 493 1299 562 ὄνομα,
1347 494 1557 561 δηλοῦν
1602 493 1705 561 τὴν
1744 492 1804 546 ἐκ

119 587 219 634 τοῦ
257 581 457 650 ἔρωτος
495 579 727 647 γένεσιν.

266 667 430 722 ΕΡΜ.
509 670 640 730 Πῶς
679 666 876 735 λέγεις;

269 754 386 808 ΣΩ.
467 756 582 809 Οὐκ
621 752 817 824 οἶσθα,
859 755 942 808 ὅτι
978 755 1203 825 ἡμίθεοι
1243 757 1302 808 οὗ
1335 756 1535 826 ἥρωες;

266 843 432 899 EPM.
516 847 587 896 Τί
623 840 751 909 οὖν,

271 929 278 1003 Ι
320 930 436 985 ΣΩ.
526 933 741 996 Πάντες
803 934 982 1002 δήπου
1034 935 1330 1002 γεγόνασιν
1386 931 1721 1003 ἐρασθέντος
1774 932 1880 1001 RD

118 1025 261 1073 θεοῦ
312 1025 523 1088 θνητῆς
576 1020 609 1088 ἢ
648 1026 865 1089 θνητοῦ
918 1026 1068 1084 θεᾶς.
1147 1019 1244 1074 ἐὰν
1298 1016 1401 1073 οὗν
1456 1028 1662 1090 σκοπῇς
1715 1018 1810 1073 καὶ

120 1115 283 1161 τοῦτο
325 1109 462 1161 κατὰ
499 1109 601 1176 τὴν
634 1107 880 1178 Ἀττικὴν
919 1109 1021 1176 τὴν
1059 1109 1298 1162 παλαιὰν
1337 1110 1559 1177 φωνήν,
1599 1111 1810 1176 μᾶλλον

121 1201 279 1248 εἴσει·
313 1196 548 1263 δηλώσει
578 1197 684 1266 γάρ
717 1211 823 1264 σοι,
865 1196 949 1249 ὅτι
978 1198 1126 1267 παρὰ
1155 1198 1217 1249 τὸ
1249 1203 1349 1249 τοῦ
1381 1197 1582 1266 ἔρωτος
1616 1197 1810 1264 ὄνομα,

122 1283 260 1335 ὅθεν
305 1285 599 1351 γεγόνασιν
646 1284 704 1337 οἱ
743 1284 942 1354 ἥρωες,
991 1285 1223 1354 σμικρὸν
1268 1282 1622 1354 παρηγμένον
1662 1281 1813 1336 ἐστὶν

126 1371 416 1439 [ὀνόματος
460 1372 660 1449 χάριν]
737 1371 829 1425 καὶ
875 1373 997 1441 ἤτοι
1043 1379 1206 1425 τοῦτο
1255 1371 1401 1439 λέγει
1439 1373 1569 1434 τοὺς
1607 1370 1810 1440 ἥρωας,

122 1458 156 1527 ἢ
197 1458 280 1511 ὅτι
331 1458 499 1528 σοφοὶ
536 1455 679 1526 ἦσαν
716 1458 808 1512 καὶ
848 1460 1074 1530 ῥήτορες
1114 1458 1289 1512 δεινοὶ
1327 1457 1419 1511 καὶ
1459 1459 1810 1524 διαλεκτικοί,

123 1552 293 1617 εἴρειν
334 1545 514 1600 ἱκανοὶ
554 1547 729 1609 ὄντες·
768 1548 829 1600 τὸ
869 1548 974 1617 γὰρ
1015 1552 1183 1617 εἴρειν
1223 1545 1404 1614 λέγειν
1443 1545 1607 1599 ἐστίν.
1680 1546 1812 1615 ὅπερ

126 1631 229 1688 οὖν
276 1636 397 1705 ἄρτι
444 1633 701 1703 λέγομεν,
753 1633 813 1687 ἐν
860 1642 925 1704 τῇ
960 1631 1167 1704 Ἀττικῇ
1218 1641 1376 1704 φωνῇ
1426 1636 1714 1703 λεγόμενοι
1760 1634 1818 1687 οἱ

125 1725 299 1794 ἥρωες
339 1728 347 1789 Ι
389 1722 615 1793 ῥήτορές
675 1742 820 1786 τινες
876 1722 967 1776 καὶ
1018 1721 1334 1793 ἐρωτητικοὶ
1389 1725 1810 1791 συμβαίνουσιν,
1843 1737 1878 1779 Ε

125 1813 265 1865 ὥστε
297 1812 548 1882 ῥητόρων
578 1810 670 1863 καὶ
702 1818 984 1879 σοφιστῶν
1014 1811 1174 1879 γένος
1206 1813 1450 1878 γίγνεται
1479 1811 1541 1862 τὸ
1572 1809 1814 1880 ἡρωϊκὸν

127 1904 326 1969 φῦλον.
402 1898 539 1951 ἀλλὰ
579 1899 646 1951 οὐ
684 1906 847 1951 τοῦτο
885 1900 1124 1967 χαλεπόν
1164 1897 1313 1951 ἐστιν
1353 1897 1633 1965 ἐννοῆσαι,
1675 1897 1814 1951 ἀλλὰ

127 1991 338 2056 μᾶλλον
376 1989 437 2040 τὸ
475 1995 587 2040 τῶν
627 1987 961 2057 ἀνθρώπων,
1003 1987 1094 2039 διὰ
1131 1989 1189 2038 τί
1220 2002 1350 2038 ποτε
1391 1986 1681 2054 ἄνθρωποι
1719 2007 1814 2040 κα-

128 2081 378 2130 λοῦνται·
416 2075 451 2143 ἢ
492 2079 561 2129 σὺ
600 2078 738 2144 ἔχεις
777 2077 978 2139 είπεῖνς

277 2164 449 2218 XVII.
524 2164 690 2218 EPM.
762 2166 988 2231 Πόθεν,
1044 2162 1255 2231 ὠγαθέ,
1309 2164 1436 2231 ἔχω;
1495 2158 1616 2216 οὐδ’
1669 2167 1724 2215 εἴ
1762 2181 1815 2215 τι

130 2246 246 2316 οἶός
291 2248 338 2304 τ’
381 2251 450 2304 ἂν
488 2257 608 2320 εἴην
647 2251 855 2321 εὑρεῖν,
904 2251 971 2304 οὐ
1012 2252 1277 2303 συντείνω
1320 2251 1413 2303 διὰ
1451 2252 1511 2303 τὸ
1551 2249 1814 2318 ἡγεῖσθαι

130 2338 191 2394 σὲ
230 2345 440 2410 μᾶλλον
479 2341 736 2411 εὑρήσειν
774 2340 808 2408 ἢ
849 2339 1099 2408 ἐμαυτόν.

281 2428 286 2497 j
330 2427 445 2481 ΣΩ.
529 2431 606 2498 Τῇ
653 2436 754 2481 τοῦ
799 2428 1175 2499 Εὐθύφρονος
1222 2425 1477 2497 ἐπιπνοίᾳ
1523 2427 1811 2493 πιστεύεις,
1846 2441 1930 2482 399

132 2516 205 2578 ὡς
244 2517 436 2578 ἔοικας.

279 2602 450 2656 ΕΡΜ.
527 2608 688 2671 Δῆλα
729 2606 813 2673 δή.

282 2690 397 2743 ΣΩ.
462 2689 670 2761 Ὀρθῶς
707 2712 768 2760 γε
809 2695 878 2745 σὺ
916 2694 1211 2746 πιστεύων·
1255 2694 1327 2756 ὡς
1366 2691 1457 2746 καὶ
1492 2699 1597 2744 νῦν
1628 2690 1693 2758 γέ
1720 2710 1814 2760 μοι

134 2781 402 2848 φαίνομαι
448 2787 669 2848 κομψῶς
713 2780 1119 2849 ἐννενοηκέναι,
1167 2779 1258 2834 καὶ
1297 2781 1669 2846 κινδυνεύσω,
1718 2778 1813 2832 ἐὰν
