2020 3198
259 163 287 214 1
295 163 365 216 62
560 202 566 206 .
930 164 1268 208 ΠΛΑΤΩΝΟΣ

258 278 385 337 οὔτε
421 281 651 352 τέλειον,
692 277 767 347 ὡς
805 272 934 346 ἔπος
964 283 1158 351 εἰπεῖν,
1199 281 1368 337 οὐδέν
1400 283 1532 353 ε’στι,
1574 281 1845 356 σήραγγες
1883 283 1945 341 δὲ

254 369 348 425 καὶ
402 367 582 441 ἄμμος
633 369 726 425 καὶ
771 367 945 441 πηλὸς
994 367 1278 442 ἀμήχανος
1329 370 1423 425 καὶ
1468 369 1743 444 βόρβοροί
1783 374 1944 444 εἰσιν,

258 455 402 514 ὅπου
440 455 513 514 ἄν
552 457 645 514 καὶ
682 455 718 529 ἡ
750 461 821 530 γῆ
871 451 933 531 ᾖ,
979 457 1072 512 καὶ
1118 456 1257 530 πρὸς
1299 456 1368 513 τὰ
1414 457 1545 531 παρ’
1588 455 1724 531 ἡμῖν
1768 458 1943 531 κάλλη

255 551 551 620 κρίνεσθαι
599 543 727 603 οὐδ’
787 544 1103 603 ὁπωστιοῦν
1157 545 1307 614 ἄξια·
1362 549 1544 604 ἐκεῖνα
1599 548 1662 605 δὲ
1715 541 1788 604 αὖ
1830 551 1945 604 τῶν

209 632 384 707 Βπαρ’
427 632 562 707 ἡμῖν
599 633 743 689 πολὺ
790 630 863 689 ὅὶν
903 638 982 690 ἔτι
1019 635 1190 690 πλέον
1237 639 1439 707 φανείη
1475 641 1482 704 Ι
1518 638 1820 710 διαφέρειν.
1896 639 1947 692 εἰ

254 724 362 797 γὰρ
403 727 492 779 δεῖ
525 722 618 779 καὶ
655 725 845 793 μῦθον
883 723 1065 794 λέγειν
1108 723 1345 794 [καλόν],
1392 722 1553 791 ἄξιον
1599 724 1860 796 ἀκοῦσαι,
1899 717 1942 781 ὦ

256 815 490 884 Σιμμία,
532 806 624 867 οἷα
661 811 923 884 τυγχάνει
959 810 1026 867 τὰ
1069 812 1156 868 ἐπὶ
1193 815 1291 883 τῆς
1319 816 1423 884 γῆς
1460 810 1570 870 ὑπὸ
1601 817 1677 891 τῷ
1718 812 1944 890 ούρανςὸ

256 899 427 958 ὄντα.’
522 897 682 956 ‘dm-dc
738 899 887 971 μήν,’
943 903 1049 971 ἔφη
1105 897 1133 955 ὁ
1192 905 1459 972 Σιμμίας,
1515 894 1579 957 ‘03
1633 901 1944 975 Σώκρατες,

254 987 410 1061 ἡμεῖς
447 1009 511 1060 γε
547 986 752 1044 τούτου
788 990 890 1043 τοῦ
931 987 1122 1059 μύθου
1160 985 1339 1058 ἡδέως
1377 986 1449 1044 ἂν
1488 986 1863 1061 ἀκούσαιμενῖ

401 1078 541 1132 LIX.
617 1077 870 1148 εΛέγεται
907 1076 1139 1147 τοίνυν,’
1189 1080 1321 1148 ἔφη,
1369 1069 1433 1133 “ὡ’”
1480 1077 1686 1150 ἑταῖρε,
1722 1080 1944 1151 πρῶτον

255 1165 356 1237 μὲν
411 1162 557 1222 εἶναι
608 1163 838 1235 τοιαύτη
885 1161 920 1235 ἡ
964 1166 1036 1234 γῆ
1084 1162 1224 1236 αὐτὴ
1273 1167 1442 1236 ἰδεῖν,
1489 1171 1546 1221 εἴ
1582 1186 1665 1231 τις
1717 1164 1943 1222 ἄνωθεν

253 1256 455 1330 θεῷτο,
496 1250 680 1326 ὥσπερ
713 1255 775 1308 αἱ
802 1252 1213 1308 δωδεκάσκυτοι
1245 1263 1495 1326 σφαῖραι,
1526 1258 1765 1325 ποικίλη,
1803 1252 1943 1327 χρώ-

254 1358 423 1414 μασιν
464 1341 839 1412 διειλημμένη,
879 1332 960 1396 ὧν
998 1340 1091 1396 καὶ
1127 1339 1195 1396 τὰ
1244 1339 1451 1397 ἐνθάδε
1497 1338 1642 1397 εἶναι
1685 1340 1944 1414 χρώματα

203 1429 437 1503 Οῶσπερ
494 1433 783 1500 δείγματα,
849 1424 932 1495 οἷς
993 1427 1063 1500 δὴ
1127 1426 1182 1485 οἱ
1234 1439 1469 1502 γραφεῖς
1501 1432 1942 1503 Ικαταχρῶνται·

255 1521 369 1575 ἐκεῖ
404 1518 467 1574 δὲ
504 1521 689 1573 πᾶσαν
727 1516 831 1588 τὴν
876 1520 985 1589 γῆν
1025 1519 1084 1573 ἐκ
1123 1517 1398 1573 τοιούτων
1436 1514 1610 1589 εἶναι,
1659 1517 1752 1574 καὶ
1798 1516 1942 1574 πολὺ

254 1611 335 1663 ἔτι
374 1608 433 1663 ἐκ
471 1606 867 1679 λαμπροτέρων
904 1605 997 1660 καὶ
1034 1606 1445 1678 καθαρωτέρων
1482 1601 1519 1677 ἢ
1558 1604 1795 1662 τούτων·
1840 1604 1942 1678 τὴν

254 1695 356 1767 μὲν
394 1693 503 1767 γὰρ
542 1692 791 1766 ἁλουργῆ
825 1690 971 1749 εἶναι
1000 1693 1093 1748 καὶ
1123 1691 1457 1764 θαυμαστὴν
1487 1691 1551 1749 τὸ
1582 1693 1801 1766 κάλλος,
1839 1693 1943 1767 τὴν

254 1783 317 1840 δὲ
340 1785 656 1856 χρυσοειδῆ,
687 1781 792 1854 τὴν
828 1781 891 1838 δὲ
923 1780 1026 1853 ὅση
1059 1781 1225 1853 λευκὴ
1249 1781 1438 1853 γύψου
1469 1778 1503 1853 ἢ
1535 1781 1726 1853 χιόνος
1754 1788 1941 1838 λευκο-

252 1871 444 1943 τέραν,
505 1871 599 1926 καὶ
663 1872 722 1926 ἐκ
790 1872 906 1926 τῶν
968 1868 1156 1926 ἄλλων
1212 1868 1520 1943 χρωμάτων
1576 1871 1941 1942 συγκειμένην

254 1959 542 2030 ὡσαύτως,
602 1959 695 2014 καὶ
748 1961 828 2014 ἔτι
880 1957 1158 2014 πλειόνων
1217 1958 1312 2013 καὶ
1378 1956 1692 2014 καλλιόνων
1745 1954 1781 2029 ἢ
1836 1955 1941 2014 ὅσα

253 2047 410 2120 ἡμεῖς
472 2047 806 2121 ἑωράκαμεν.
897 2046 990 2103 καὶ
1047 2045 1155 2119 γὰρ
1218 2044 1358 2102 αὐτὰ
1421 2049 1594 2103 ταῦτα
1653 2044 1721 2101 τὰ
1781 2053 1942 2103 κοῖλα

254 2135 426 2207 αὐτῆς
461 2134 668 2202 ὕδατός
704 2157 763 2191 τε
798 2134 892 2191 καὶ
931 2134 1094 2207 ἀέρος
1132 2138 1328 2190 ἕκπλεα
1368 2133 1529 2204 ὄντα,
1568 2132 1854 2206 χρώματός
1889 2157 1941 2190 τι

194 2222 404 2289 Βεῖδος
434 2225 782 2296 ’παρέχεσθαι
816 2227 823 2289 Ι
858 2226 1152 2293 στίλβοντα
1191 2224 1252 2278 ἐν
1297 2225 1364 2295 τῇ
1410 2224 1523 2278 τῶν
1570 2219 1757 2278 ἄλλων
1801 2245 1940 2295 χρω-

254 2310 446 2382 μάτων
484 2315 756 2385 ποικιλίᾳ,
797 2308 936 2366 ὥστε
975 2311 1037 2365 ἕν
1075 2333 1127 2365 τι
1167 2308 1339 2380 αὐτῆς
1376 2307 1524 2374 εἶδος
1562 2309 1787 2381 συνεχὲς
1823 2329 1939 2366 ποι-

252 2403 411 2454 κίλον
458 2398 850 2470 φαντάζεσθαι.
936 2400 996 2454 ἐν
1043 2397 1106 2453 δὲ
1150 2397 1320 2469 ταύτῃ
1370 2396 1510 2470 οὔσῃ
1556 2396 1782 2470 τοιαύτῃ
1829 2397 1938 2454 ἀνὰ

251 2489 424 2559 λόγον
461 2486 529 2541 τὰ
570 2485 825 2558 φυόμενα
864 2486 1130 2558 φύεσθαι,
1171 2487 1378 2558 δένδρα
1422 2506 1480 2541 τε
1517 2486 1610 2542 καὶ
1650 2483 1804 2557 ἄνθη
1844 2486 1938 2541 καὶ
2016 2479 2019 2481 ’

251 2574 384 2641 τοὺς
412 2573 681 2646 καρπούς·
714 2574 807 2629 καὶ
840 2568 911 2629 αὗ
943 2572 1008 2628 τὰ
1042 2572 1145 2646 ὅρη
1171 2571 1435 2638 ὡσαύτως
1463 2571 1712 2638 καὶτοὺς
1741 2578 1940 2640 λίθους

255 2667 398 2735 ἔχειν
437 2660 546 2717 άνά
586 2661 686 2717 τὸν
725 2661 897 2718 αὐτὸν
943 2661 1114 2732 λόγον
1159 2659 1262 2731 τήν
1307 2682 1365 2715 τε
1411 2660 1663 2731 λειότητα
1706 2661 1799 2717 καὶ
1835 2661 1940 2733 τὴν

255 2748 591 2822 διαφάνειαν
621 2749 716 2804 καὶ
745 2748 812 2803 τὰ
845 2749 1106 2822 χρώματα
1135 2753 1365 2803 καλλίω·
1398 2742 1477 2805 ὧν
1509 2749 1602 2804 καὶ
1632 2748 1700 2804 τὰ
1732 2749 1939 2806 ἐνθάδε

251 2841 471 2895 λιθίδια
510 2834 654 2894 εἶναι
691 2845 863 2894 ταῦτα
908 2836 975 2893 τὰ
1016 2836 1351 2909 άγαπώμενα
1398 2837 1591 2911 μόρια,
1641 2836 1843 2910 σάρδιά
1882 2858 1939 2894 τε
