2020 3198
266 166 335 218 18
943 166 1280 210 ΠΛΑΤΩΝΟΣ

261 292 378 348 τοῖς
428 283 694 354 ἐμαυτοῦ,
749 280 824 348 ὥς
869 286 1038 354 ἔοικε,
1084 284 1176 339 καὶ
1221 282 1289 339 τὰ
1343 280 1618 356 ἀλλότρια.
1665 282 1758 338 καὶ
1807 286 1945 355 δῆτα

262 368 428 425 τοῦτό
468 391 564 441 μοι
601 373 698 442 τῆς
734 370 927 442 τέχνης
967 370 1080 426 ἐστὶ
1109 371 1487 442 κομψότατον,
1528 370 1613 427 ὅτι
1651 369 1804 427 ἄκων
1835 372 1946 443 εἰμὶ

267 455 457 528 σοφός.
500 456 814 528 ἐβουλόμην
851 455 959 530 γὰρ
1001 455 1072 512 ἄν
1112 478 1206 528 μοι
1243 455 1374 523 τοὺς
1403 456 1608 529 λόγους
1637 460 1824 531 μένειν
1853 460 1947 516 καὶ

263 542 539 616 ἀκινήτως
571 547 839 618 ἱδρῦσθαι
871 549 1083 617 μᾶλλον
1115 542 1150 616 ἢ
1183 544 1321 619 πρὸς
1349 550 1415 619 τῇ
1451 546 1744 604 Δαιδάλου
1775 554 1947 624 σοφίᾳ

206 644 244 689 Ε
260 631 327 688 τὰ
359 632 648 690 Ταντάλου
671 633 921 707 χρήματα
944 635 1223 705 γενέσθαι.
1261 634 1354 689 καὶ
1381 634 1387 708 Ι
1414 634 1630 690 τούτων
1653 635 1755 707 μὲν
1778 635 1946 708 ἅδην·

263 719 451 793 ἐπειδὴ
501 722 566 777 δέ
608 743 703 792 μοι
749 725 931 787 δοκεῖς
969 721 1038 778 σὺ
1077 725 1323 795 τρυφᾶν,
1365 720 1533 789 αὐτός
1572 739 1661 781 σοι
1709 727 1947 799 ξυμπρο-

261 809 587 882 θυμήσομαι
617 812 856 881 [δεῖξαι],
884 814 1029 873 ὅπως
1059 811 1141 891 ἄν,
1153 830 1217 879 με
1245 813 1469 885 διδάξῃς
1499 812 1623 886 περὶ
1645 816 1746 868 τοῦ
1771 811 1947 870 ὁσίου.

261 898 355 953 καὶ
394 897 468 969 μὴ
508 900 915 972 προαποκάμῃς.
956 899 1042 955 ἰδὲ
1086 899 1217 971 γάρ,
1265 904 1316 955 εἰ
1361 899 1462 956 οὐκ
1508 899 1819 971 ἀναγκαῖόν
1857 918 1946 958 σοι

263 990 421 1043 δοκεῖ
457 989 676 1044 δίκαιον
717 986 861 1044 εἶναι
899 991 1012 1043 πᾶν
1049 986 1112 1043 τὸ
1153 986 1327 1044 ὅσιον.

410 1083 552 1128 ΕΤΘ.
592 1074 833 1147 ’Ἔμοιγε

412 1173 508 1217 ΣΩ.
563 1158 679 1237 Ἆρ’
732 1157 836 1221 οὖν
881 1164 974 1220 καὶ
1029 1167 1142 1220 πᾶν
1187 1163 1250 1220 τὸ
1292 1168 1511 1221 δίκαιον
1564 1163 1750 1238 ὅσιον,
1797 1162 1834 1237 ἢ
1882 1165 1946 1222 τὸ

194 1267 245 1307 12
264 1252 365 1326 μὲν
405 1251 566 1309 ὅσιον
598 1256 710 1309 πᾶν
746 1254 753 1328 Ι
780 1256 1026 1323 δίκαιον,
1064 1251 1126 1308 τὸ
1170 1251 1232 1308 δὲ
1264 1255 1482 1309 δίκαιον
1516 1252 1584 1309 οὐ
1615 1256 1728 1310 πᾶν
1769 1251 1944 1326 ὅσιον,

260 1340 401 1398 ἀλλὰ
441 1341 503 1397 τὸ
545 1341 646 1413 μὲν
686 1339 860 1397 αὐτοῦ
901 1339 1085 1411 ὅσιον,
1123 1339 1185 1396 τὸ
1227 1341 1293 1396 δέ
1326 1362 1379 1396 τι
1416 1341 1508 1396 καὶ
1546 1339 1710 1409 ὅὶλλο;

411 1438 553 1484 ΕΤΘ.
613 1429 728 1502 Οὐχ
768 1432 983 1501 ἕπομαι,
1023 1422 1068 1485 αἶ
1108 1428 1420 1502 Σώκρατες,
1459 1440 1576 1495 τοῖς
1614 1431 1947 1501 λεγομένοις.

414 1527 510 1570 ΣΩ.
582 1519 696 1575 Καὶ
728 1517 839 1590 μὴν
870 1516 1140 1589 νεώτερός
1169 1517 1236 1588 γέ
1263 1539 1373 1588 μου
1405 1514 1457 1572 εἷ
1494 1515 1596 1573 οὐκ
1629 1517 1880 1574 ἐλάττονι
1910 1515 1946 1590 ἢ

264 1605 379 1683 ὅσω
427 1606 765 1680 σοφώτερος·
811 1603 955 1676 ἀλλ’,
1005 1602 1035 1661 ὃ
1075 1605 1242 1677 λέγω,
1288 1608 1504 1678 τρυφᾷς
1541 1603 1651 1662 ὑπὸ
1700 1605 1948 1662 πλούτου

260 1698 358 1767 τῆς
404 1700 619 1767 σοφίας.
672 1692 818 1764 ἀλλ’,
873 1686 917 1749 03
957 1692 1215 1766 μακάριε,
1271 1694 1513 1760 ξύντεινε
1569 1692 1800 1750 σαυτόν·
1854 1694 1947 1750 καὶ

260 1783 368 1857 γὰρ
410 1782 543 1840 οὐδὲ
580 1781 821 1856 χαλεπὸν
867 1785 1208 1853 κατανοῆσαι
1255 1779 1285 1837 ὃ
1333 1782 1488 1853 λέγω.
1541 1782 1681 1852 λέγω
1728 1780 1835 1854 γὰρ
1876 1779 1946 1853 δὴ

263 1870 326 1928 τὸ
368 1873 623 1928 ἐναντίον
662 1867 697 1942 ἢ
740 1867 768 1926 ὁ
809 1867 1039 1941 ποιητὴς
1078 1871 1336 1941 ἐποίησεν
1377 1867 1406 1925 ὁ
1447 1868 1703 1940 ποιήσας·

412 1963 569 2032 Ζῆνα
608 1959 671 2015 δὲ
707 1958 808 2015 τόν
847 1957 907 2014 θ’
952 1959 1208 2031 ἕρξαντα,
1236 1949 1338 2012 ’καὶ
1378 1954 1439 2023 ὃς
1476 1957 1608 2013 τάδε
1646 1955 1807 2013 πάντ’

1399 2043 1718 2116 ἐφύτευσεν,

211 2149 250 2195 Β
418 2135 550 2211 Ιούκ
597 2136 806 2200 ἐθέλεις
851 2138 1047 2190 εἰπεῖν·
1094 2136 1190 2190 ἵνα
1235 2132 1345 2205 γὰρ
1387 2134 1536 2203 δέος,
1585 2137 1727 2188 ἔνθα
1772 2134 1864 2190 καὶ

1400 2220 1584 2286 αἰδώς.

267 2310 373 2384 ἐγώ
416 2305 521 2368 οὖν
552 2309 730 2386 τούτῳ
771 2311 1106 2383 διαφέρομαι
1143 2313 1219 2386 τῷ
1252 2312 1464 2382 ποιητῇ.
1505 2315 1638 2365 εἴπω
1678 2325 1772 2365 σοι
1809 2307 1945 2383 &zm

412 2409 553 2454 ΕΤΘ.
609 2400 777 2455 Πάνυ
815 2421 891 2469 γε.

416 2497 512 2541 ΣΩ.
578 2486 660 2543 Οὐ
715 2491 871 2543 δοκεῖ
919 2507 1014 2558 μοι
1067 2483 1234 2556 εἶναι,
1289 2487 1384 2541 ἵνα
1439 2486 1587 2555 δέος,
1643 2489 1786 2542 ἔνθα
1850 2486 1943 2542 καὶ

265 2575 459 2643 αἰδώς·
498 2575 694 2632 πολλοὶ
732 2574 839 2649 γάρ
878 2596 973 2647 μοι
1012 2578 1242 2630 δοκοῦσι
1278 2574 1370 2629 καὶ
1399 2572 1605 2639 νόσους
1634 2573 1726 2628 καὶ
1756 2578 1946 2640 πενίας

265 2666 359 2722 καὶ
392 2664 534 2721 ἄλλα
566 2663 741 2719 πολλὰ
779 2666 1008 2719 τοιαῦτα
1048 2662 1291 2728 δεδιότες
1329 2662 1572 2717 δεδιέναι
1610 2662 1736 2733 μέν,
1777 2663 1945 2717 αἰδεῖ-

266 2761 404 2809 σθαι
444 2752 507 2808 δὲ
545 2751 719 2824 μηδὲν
757 2755 954 2823 ταῦτα,
993 2749 1029 2807 ὁὶ
1071 2755 1342 2807 δεδίασιν.
1384 2748 1452 2806 οὐ
1490 2749 1581 2805 καὶ
1621 2749 1710 2805 σοὶ
1750 2752 1924 2820 δοκεῖς

412 2849 553 2893 ΕΤΘ.
608 2839 776 2896 Πάνυ
813 2862 889 2913 γε.
