<?xml version="1.0" encoding="UTF-8"?>
<!DOCTYPE html PUBLIC "-//W3C//DTD XHTML 1.0 Transitional//EN"
    "http://www.w3.org/TR/xhtml1/DTD/xhtml1-transitional.dtd">
<html xmlns="http://www.w3.org/1999/xhtml" xml:lang="en" lang="en">
 <head>
  <title>
</title>
<meta http-equiv="Content-Type" content="text/html;charset=utf-8" />
  <meta name='ocr-system' content='tesseract 3.04.00' />
  <meta name='ocr-capabilities' content='ocr_page ocr_carea ocr_par ocr_line ocrx_word'/>
</head>
<body>
  <div class='ocr_page' id='page_1' title='image "./p1dialogisecumdu01platuoft_0113.png"; bbox 0 0 2020 3198; ppageno 0'>
   <div class='ocr_carea' id='block_1_1' title="bbox 817 165 1780 219">
    <p class='ocr_par' dir='ltr' id='par_1_1' title="bbox 817 165 1780 219">
     <span class='ocr_line' id='line_1_1' title="bbox 817 165 1780 219; baseline 0.01 -10"><span class='ocrx_word' id='word_1_1' title='bbox 817 166 1052 210; x_wconf 70' lang='grc' dir='ltr'><strong>ΚΡΙΤΩΝ.</strong></span> <span class='ocrx_word' id='word_1_2' title='bbox 1712 165 1780 219; x_wconf 82' lang='grc'><strong><em>67</em></strong></span> 
     </span>
    </p>
   </div>
   <div class='ocr_carea' id='block_1_2' title="bbox 0 280 1782 445">
    <p class='ocr_par' dir='ltr' id='par_1_2' title="bbox 0 279 1782 445">
     <span class='ocr_line' id='line_1_2' title="bbox 100 280 1782 358; baseline -0.001 -17.056"><span class='ocrx_word' id='word_1_3' title='bbox 100 283 365 358; x_wconf 82' lang='grc' dir='ltr'><strong><em>οὐδέτερα</em></strong></span> <span class='ocrx_word' id='word_1_4' title='bbox 420 280 538 341; x_wconf 83' lang='grc' dir='ltr'><strong><em>οἷοί</em></strong></span> <span class='ocrx_word' id='word_1_5' title='bbox 583 302 666 340; x_wconf 87' lang='grc' dir='ltr'><strong><em>τε·</em></strong></span> <span class='ocrx_word' id='word_1_6' title='bbox 722 282 849 339; x_wconf 79' lang='grc' dir='ltr'><strong><em>οὔτε</em></strong></span> <span class='ocrx_word' id='word_1_7' title='bbox 896 283 1006 357; x_wconf 82' lang='grc' dir='ltr'><strong><em>γὰρ</em></strong></span> <span class='ocrx_word' id='word_1_8' title='bbox 1061 283 1343 358; x_wconf 84' lang='grc' dir='ltr'><strong><em>φρόνιμον</em></strong></span> <span class='ocrx_word' id='word_1_9' title='bbox 1391 282 1519 341; x_wconf 79' lang='grc' dir='ltr'><strong><em>οὔτε</em></strong></span> <span class='ocrx_word' id='word_1_10' title='bbox 1558 282 1782 356; x_wconf 73' lang='grc' dir='ltr'><strong><em>ἄφρονα</em></strong></span> 
     </span>
     <span class='ocr_line' id='line_1_3' title="bbox 0 370 1684 445; baseline -0.001 -16"><span class='ocrx_word' id='word_1_11' title='bbox 0 396 36 440; x_wconf 57' lang='lat' dir='ltr'><strong><em>g·</em></strong></span> <span class='ocrx_word' id='word_1_12' title='bbox 101 374 333 429; x_wconf 82' lang='grc' dir='ltr'><strong><em>δυνατοὶ</em></strong></span> <span class='ocrx_word' id='word_1_13' title='bbox 370 377 616 445; x_wconf 82' lang='grc' dir='ltr'><strong><em>ποιῆσαι,</em></strong></span> <span class='ocrx_word' id='word_1_14' title='bbox 656 374 883 427; x_wconf 86' lang='grc' dir='ltr'><strong><em>ποιοῦσι</em></strong></span> <span class='ocrx_word' id='word_1_15' title='bbox 923 372 985 427; x_wconf 76' lang='grc' dir='ltr'><strong><em>δὲ</em></strong></span> <span class='ocrx_word' id='word_1_16' title='bbox 1022 375 1188 428; x_wconf 82' lang='grc' dir='ltr'><strong><em>τοῦτο</em></strong></span> <span class='ocrx_word' id='word_1_17' title='bbox 1230 371 1315 429; x_wconf 80' lang='grc' dir='ltr'><strong><em>ὅτι</em></strong></span> <span class='ocrx_word' id='word_1_18' title='bbox 1354 370 1424 428; x_wconf 78' lang='grc' dir='ltr'><strong><em>ἂν</em></strong></span> <span class='ocrx_word' id='word_1_19' title='bbox 1462 372 1684 445; x_wconf 91' lang='grc' dir='ltr'><strong><em>τύχωσι.</em></strong></span> 
     </span>
    </p>
   </div>
   <div class='ocr_carea' id='block_1_3' title="bbox 99 459 1835 709">
    <p class='ocr_par' dir='ltr' id='par_1_3' title="bbox 99 459 1835 709">
     <span class='ocr_line' id='line_1_4' title="bbox 246 459 1835 533; baseline -0.001 -16"><span class='ocrx_word' id='word_1_20' title='bbox 246 463 342 518; x_wconf 89' lang='lat' dir='ltr'><strong><em>IV.</em></strong></span> <span class='ocrx_word' id='word_1_21' title='bbox 415 471 507 514; x_wconf 89' lang='lat' dir='ltr'><strong><em>KP.</em></strong></span> <span class='ocrx_word' id='word_1_22' title='bbox 574 463 760 516; x_wconf 84' lang='grc' dir='ltr'><strong><em>Ταῦτα</em></strong></span> <span class='ocrx_word' id='word_1_23' title='bbox 798 459 900 531; x_wconf 77' lang='grc' dir='ltr'><strong><em>μὲν</em></strong></span> <span class='ocrx_word' id='word_1_24' title='bbox 940 459 1008 530; x_wconf 87' lang='grc' dir='ltr'><strong><em>δὴ</em></strong></span> <span class='ocrx_word' id='word_1_25' title='bbox 1045 467 1053 528; x_wconf 82' lang='grc' dir='ltr'>Ι</span> <span class='ocrx_word' id='word_1_26' title='bbox 1089 459 1264 528; x_wconf 78' lang='grc' dir='ltr'><strong><em>οὕτως</em></strong></span> <span class='ocrx_word' id='word_1_27' title='bbox 1304 462 1488 533; x_wconf 78' lang='grc' dir='ltr'><strong><em>ἐχέτω·</em></strong></span> <span class='ocrx_word' id='word_1_28' title='bbox 1526 460 1660 516; x_wconf 91' lang='grc' dir='ltr'><strong><em>τάδε</em></strong></span> <span class='ocrx_word' id='word_1_29' title='bbox 1700 460 1835 531; x_wconf 87' lang='grc' dir='ltr'><strong><em>δέ,Ε</em></strong></span> 
     </span>
     <span class='ocr_line' id='line_1_5' title="bbox 101 541 1782 623; baseline -0.002 -17"><span class='ocrx_word' id='word_1_30' title='bbox 101 543 146 606; x_wconf 73' lang='grc' dir='ltr'><em>ὦ</em></span> <span class='ocrx_word' id='word_1_31' title='bbox 185 549 497 623; x_wconf 77' lang='grc' dir='ltr'><strong><em>Σώκρατες,</em></strong></span> <span class='ocrx_word' id='word_1_32' title='bbox 537 549 658 605; x_wconf 81' lang='grc' dir='ltr'><strong><em>εἰπέ</em></strong></span> <span class='ocrx_word' id='word_1_33' title='bbox 693 570 803 620; x_wconf 92' lang='grc' dir='ltr'><strong><em>μοι.</em></strong></span> <span class='ocrx_word' id='word_1_34' title='bbox 841 541 951 622; x_wconf 83' lang='grc' dir='ltr'><strong><em>ἀρά</em></strong></span> <span class='ocrx_word' id='word_1_35' title='bbox 990 571 1052 620; x_wconf 93' lang='grc' dir='ltr'><strong><em>γε</em></strong></span> <span class='ocrx_word' id='word_1_36' title='bbox 1091 548 1164 621; x_wconf 86' lang='grc' dir='ltr'><strong><em>μὴ</em></strong></span> <span class='ocrx_word' id='word_1_37' title='bbox 1200 552 1336 621; x_wconf 83' lang='grc' dir='ltr'>ἐμοῦ</span> <span class='ocrx_word' id='word_1_38' title='bbox 1374 557 1657 622; x_wconf 80' lang='grc' dir='ltr'><em>προμηθεῖ</em></span> <span class='ocrx_word' id='word_1_39' title='bbox 1689 548 1782 603; x_wconf 86' lang='grc' dir='ltr'><strong><em>καὶ</em></strong></span> 
     </span>
     <span class='ocr_line' id='line_1_6' title="bbox 99 635 1781 709; baseline -0.001 -16"><span class='ocrx_word' id='word_1_40' title='bbox 99 641 211 695; x_wconf 76' lang='grc' dir='ltr'><strong><em>τῶν</em></strong></span> <span class='ocrx_word' id='word_1_41' title='bbox 252 636 439 694; x_wconf 68' lang='grc' dir='ltr'><strong><em>ἄλλων</em></strong></span> <span class='ocrx_word' id='word_1_42' title='bbox 479 640 843 708; x_wconf 82' lang='grc' dir='ltr'><strong><em>ἐπιτηδείων,.</em></strong></span> <span class='ocrx_word' id='word_1_43' title='bbox 869 635 971 708; x_wconf 85' lang='grc' dir='ltr'><strong><em>μή,</em></strong></span> <span class='ocrx_word' id='word_1_44' title='bbox 1012 635 1108 693; x_wconf 79' lang='grc' dir='ltr'><strong><em>ἐὰν</em></strong></span> <span class='ocrx_word' id='word_1_45' title='bbox 1156 636 1226 693; x_wconf 82' lang='grc' dir='ltr'><strong><em>σὺ</em></strong></span> <span class='ocrx_word' id='word_1_46' title='bbox 1267 639 1498 693; x_wconf 81' lang='grc' dir='ltr'><strong><em>ἐνθένδε</em></strong></span> <span class='ocrx_word' id='word_1_47' title='bbox 1539 638 1781 709; x_wconf 77' lang='grc' dir='ltr'><strong><em>ἐξέλθῃς,</em></strong></span> 
     </span>
    </p>
   </div>
   <div class='ocr_carea' id='block_1_4' title="bbox 10 723 1783 797">
    <p class='ocr_par' dir='ltr' id='par_1_4' title="bbox 10 723 1783 797">
     <span class='ocr_line' id='line_1_7' title="bbox 10 723 1783 797; baseline -0.001 -15"><span class='ocrx_word' id='word_1_48' title='bbox 10 780 12 783; x_wconf 85' lang='grc'><strong><em>,</em></strong></span> <span class='ocrx_word' id='word_1_49' title='bbox 103 728 160 782; x_wconf 77' lang='grc' dir='ltr'><strong><em>οἱ</em></strong></span> <span class='ocrx_word' id='word_1_50' title='bbox 181 725 530 796; x_wconf 79' lang='grc' dir='ltr'><em>συκοφάνται</em></span> <span class='ocrx_word' id='word_1_51' title='bbox 553 723 688 796; x_wconf 83' lang='grc' dir='ltr'><strong><em>ἡμῖν</em></strong></span> <span class='ocrx_word' id='word_1_52' title='bbox 712 723 1003 797; x_wconf 89' lang='grc' dir='ltr'><strong><em>πράγματα</em></strong></span> <span class='ocrx_word' id='word_1_53' title='bbox 1026 730 1340 797; x_wconf 78' lang='grc' dir='ltr'><em>παρέχωσιν</em></span> <span class='ocrx_word' id='word_1_54' title='bbox 1366 723 1441 791; x_wconf 77' lang='grc' dir='ltr'><strong><em>ὦς</em></strong></span> <span class='ocrx_word' id='word_1_55' title='bbox 1465 724 1526 781; x_wconf 75' lang='grc' dir='ltr'><strong><em>σὲ</em></strong></span> <span class='ocrx_word' id='word_1_56' title='bbox 1551 725 1783 781; x_wconf 81' lang='grc' dir='ltr'><strong><em>ἐνθένδε</em></strong></span> 
     </span>
    </p>
   </div>
   <div class='ocr_carea' id='block_1_5' title="bbox 101 810 1783 974">
    <p class='ocr_par' dir='ltr' id='par_1_5' title="bbox 101 810 1783 974">
     <span class='ocr_line' id='line_1_8' title="bbox 103 810 1782 888; baseline -0.001 -19"><span class='ocrx_word' id='word_1_57' title='bbox 103 815 450 884; x_wconf 83' lang='grc' dir='ltr'><strong><em>ἐκκλέψασιν,</em></strong></span> <span class='ocrx_word' id='word_1_58' title='bbox 474 813 566 869; x_wconf 84' lang='grc' dir='ltr'><strong><em>καὶ</em></strong></span> <span class='ocrx_word' id='word_1_59' title='bbox 590 811 1037 884; x_wconf 73' lang='grc' dir='ltr'><strong><em>ἀναγκασθῶμεν</em></strong></span> <span class='ocrx_word' id='word_1_60' title='bbox 1061 810 1096 884; x_wconf 82' lang='grc' dir='ltr'><em>ἢ</em></span> <span class='ocrx_word' id='word_1_61' title='bbox 1121 814 1213 868; x_wconf 86' lang='grc' dir='ltr'><strong><em>καὶ</em></strong></span> <span class='ocrx_word' id='word_1_62' title='bbox 1237 816 1422 869; x_wconf 80' lang='grc' dir='ltr'><strong><em>πᾶσαν</em></strong></span> <span class='ocrx_word' id='word_1_63' title='bbox 1453 812 1556 885; x_wconf 87' lang='grc' dir='ltr'><strong><em>τὴν</em></strong></span> <span class='ocrx_word' id='word_1_64' title='bbox 1582 810 1782 888; x_wconf 82' lang='grc' dir='ltr'><strong><em>οὐσίαν</em></strong></span> 
     </span>
     <span class='ocr_line' id='line_1_9' title="bbox 101 897 1783 974; baseline -0.001 -16"><span class='ocrx_word' id='word_1_65' title='bbox 101 900 403 973; x_wconf 78' lang='grc' dir='ltr'><strong><em>ἀποβαλεῖν</em></strong></span> <span class='ocrx_word' id='word_1_66' title='bbox 441 897 477 972; x_wconf 82' lang='grc' dir='ltr'><em>ἢ</em></span> <span class='ocrx_word' id='word_1_67' title='bbox 512 900 687 973; x_wconf 81' lang='grc' dir='ltr'><strong><em>συχνὰ</em></strong></span> <span class='ocrx_word' id='word_1_68' title='bbox 720 901 995 974; x_wconf 84' lang='grc' dir='ltr'><strong><em>χρήματα,</em></strong></span> <span class='ocrx_word' id='word_1_69' title='bbox 1034 898 1069 972; x_wconf 86' lang='grc' dir='ltr'><em>ἢ</em></span> <span class='ocrx_word' id='word_1_70' title='bbox 1101 902 1193 957; x_wconf 87' lang='grc' dir='ltr'><strong><em>καὶ</em></strong></span> <span class='ocrx_word' id='word_1_71' title='bbox 1225 900 1361 957; x_wconf 75' lang='grc' dir='ltr'><strong><em>ἄλλο</em></strong></span> <span class='ocrx_word' id='word_1_72' title='bbox 1392 922 1446 957; x_wconf 92' lang='grc' dir='ltr'><strong><em>τι</em></strong></span> <span class='ocrx_word' id='word_1_73' title='bbox 1482 899 1619 974; x_wconf 87' lang='grc' dir='ltr'><strong><em>πρὸς</em></strong></span> <span class='ocrx_word' id='word_1_74' title='bbox 1655 899 1783 956; x_wconf 89' lang='grc' dir='ltr'><strong><em>τού-</em></strong></span> 
     </span>
    </p>
   </div>
   <div class='ocr_carea' id='block_1_6' title="bbox 6 986 1853 1151">
    <p class='ocr_par' dir='ltr' id='par_1_6' title="bbox 6 986 1853 1151">
     <span class='ocr_line' id='line_1_10' title="bbox 6 986 1853 1061; baseline 0 -15"><span class='ocrx_word' id='word_1_75' title='bbox 6 1009 12 1012; x_wconf 91' lang='grc'><em>·</em></span> <span class='ocrx_word' id='word_1_76' title='bbox 99 1012 215 1056; x_wconf 87' lang='grc' dir='ltr'><strong><em>τοις</em></strong></span> <span class='ocrx_word' id='word_1_77' title='bbox 251 997 483 1057; x_wconf 89' lang='grc' dir='ltr'><strong><em>παθεῖν;</em></strong></span> <span class='ocrx_word' id='word_1_78' title='bbox 531 993 583 1045; x_wconf 86' lang='grc' dir='ltr'><strong><em>εἰ</em></strong></span> <span class='ocrx_word' id='word_1_79' title='bbox 617 988 725 1061; x_wconf 88' lang='grc' dir='ltr'><strong><em>γάρ</em></strong></span> <span class='ocrx_word' id='word_1_80' title='bbox 772 1009 826 1044; x_wconf 92' lang='grc' dir='ltr'><strong><em>τι</em></strong></span> <span class='ocrx_word' id='word_1_81' title='bbox 863 992 1122 1045; x_wconf 83' lang='grc' dir='ltr'><strong><em>τοιοῦτον</em></strong></span> <span class='ocrx_word' id='word_1_82' title='bbox 1157 995 1164 1057; x_wconf 90' lang='grc' dir='ltr'>Ι</span> <span class='ocrx_word' id='word_1_83' title='bbox 1199 994 1389 1060; x_wconf 87' lang='grc' dir='ltr'><strong><em>φοβεῖ,</em></strong></span> <span class='ocrx_word' id='word_1_84' title='bbox 1436 993 1604 1045; x_wconf 83' lang='grc' dir='ltr'><strong><em>ἔασον</em></strong></span> <span class='ocrx_word' id='word_1_85' title='bbox 1644 986 1779 1044; x_wconf 82' lang='grc' dir='ltr'><strong><em>αὐτὸ</em></strong></span> <span class='ocrx_word' id='word_1_86' title='bbox 1798 1004 1853 1046; x_wconf 83' lang='lat'><strong><em>45</em></strong></span> 
     </span>
     <span class='ocr_line' id='line_1_11' title="bbox 10 1073 1784 1151; baseline -0.002 -16"><span class='ocrx_word' id='word_1_87' title='bbox 10 1073 21 1114; x_wconf 61' lang='grc' dir='ltr'>Ῑ</span> <span class='ocrx_word' id='word_1_88' title='bbox 100 1082 336 1151; x_wconf 80' lang='grc' dir='ltr'><strong><em>χαίρειν·</em></strong></span> <span class='ocrx_word' id='word_1_89' title='bbox 389 1075 547 1149; x_wconf 83' lang='grc' dir='ltr'><strong><em>ἡμεῖς</em></strong></span> <span class='ocrx_word' id='word_1_90' title='bbox 598 1077 707 1149; x_wconf 89' lang='grc' dir='ltr'><strong><em>γάρ</em></strong></span> <span class='ocrx_word' id='word_1_91' title='bbox 761 1097 873 1133; x_wconf 91' lang='grc' dir='ltr'><strong><em>που</em></strong></span> <span class='ocrx_word' id='word_1_92' title='bbox 928 1081 1139 1134; x_wconf 83' lang='grc' dir='ltr'><strong><em>δίκαιοί</em></strong></span> <span class='ocrx_word' id='word_1_93' title='bbox 1191 1081 1354 1149; x_wconf 90' lang='grc' dir='ltr'><strong><em>ε’σμεν</em></strong></span> <span class='ocrx_word' id='word_1_94' title='bbox 1402 1077 1678 1143; x_wconf 75' lang='grc' dir='ltr'><strong><em>σώσαντές</em></strong></span> <span class='ocrx_word' id='word_1_95' title='bbox 1722 1092 1784 1132; x_wconf 93' lang='grc' dir='ltr'><strong><em>σε</em></strong></span> 
     </span>
    </p>
   </div>
   <div class='ocr_carea' id='block_1_7' title="bbox 100 1163 1791 1767">
    <p class='ocr_par' dir='ltr' id='par_1_7' title="bbox 100 1163 1791 1767">
     <span class='ocr_line' id='line_1_12' title="bbox 100 1163 1784 1238; baseline -0.002 -16"><span class='ocrx_word' id='word_1_96' title='bbox 100 1165 454 1222; x_wconf 82' lang='grc' dir='ltr'><strong><em>κινδυνεύειν</em></strong></span> <span class='ocrx_word' id='word_1_97' title='bbox 502 1168 707 1221; x_wconf 87' lang='grc' dir='ltr'><strong><em>τοῦτον</em></strong></span> <span class='ocrx_word' id='word_1_98' title='bbox 755 1163 857 1221; x_wconf 86' lang='grc' dir='ltr'><strong><em>τόν</em></strong></span> <span class='ocrx_word' id='word_1_99' title='bbox 906 1169 1177 1222; x_wconf 88' lang='grc' dir='ltr'><strong><em>κίνδυνον</em></strong></span> <span class='ocrx_word' id='word_1_100' title='bbox 1221 1170 1339 1237; x_wconf 86' lang='grc' dir='ltr'><strong><em>καί,</em></strong></span> <span class='ocrx_word' id='word_1_101' title='bbox 1388 1165 1487 1222; x_wconf 78' lang='grc' dir='ltr'><strong><em>ἐὰν</em></strong></span> <span class='ocrx_word' id='word_1_102' title='bbox 1535 1166 1657 1238; x_wconf 77' lang='grc' dir='ltr'><strong><em>δέῃ,</em></strong></span> <span class='ocrx_word' id='word_1_103' title='bbox 1705 1168 1784 1220; x_wconf 77' lang='grc' dir='ltr'><strong><em>ἔτι</em></strong></span> 
     </span>
     <span class='ocr_line' id='line_1_13' title="bbox 102 1252 1783 1326; baseline -0.002 -15"><span class='ocrx_word' id='word_1_104' title='bbox 102 1254 307 1311; x_wconf 92' lang='grc' dir='ltr'><strong><em>τούτου</em></strong></span> <span class='ocrx_word' id='word_1_105' title='bbox 345 1258 522 1326; x_wconf 85' lang='grc' dir='ltr'><strong><em>μείζω.</em></strong></span> <span class='ocrx_word' id='word_1_106' title='bbox 596 1252 717 1308; x_wconf 87' lang='grc' dir='ltr'><strong><em>ἀλλ’</em></strong></span> <span class='ocrx_word' id='word_1_107' title='bbox 762 1253 883 1324; x_wconf 83' lang='grc' dir='ltr'><strong><em>ἐμοὶ</em></strong></span> <span class='ocrx_word' id='word_1_108' title='bbox 921 1257 1125 1309; x_wconf 83' lang='grc' dir='ltr'><strong><em>πείθου</em></strong></span> <span class='ocrx_word' id='word_1_109' title='bbox 1162 1254 1255 1309; x_wconf 88' lang='grc' dir='ltr'><strong><em>καὶ</em></strong></span> <span class='ocrx_word' id='word_1_110' title='bbox 1293 1254 1366 1325; x_wconf 86' lang='grc' dir='ltr'><strong><em>μὴ</em></strong></span> <span class='ocrx_word' id='word_1_111' title='bbox 1407 1252 1588 1319; x_wconf 75' lang='grc' dir='ltr'><strong><em>ἄλλως</em></strong></span> <span class='ocrx_word' id='word_1_112' title='bbox 1624 1257 1783 1308; x_wconf 88' lang='grc' dir='ltr'><strong><em>ποίει.</em></strong></span> 
     </span>
     <span class='ocr_line' id='line_1_14' title="bbox 249 1335 1786 1415; baseline 0.001 -22"><span class='ocrx_word' id='word_1_113' title='bbox 249 1350 344 1395; x_wconf 78' lang='grc' dir='ltr'><strong><em>ΣΩ,</em></strong></span> <span class='ocrx_word' id='word_1_114' title='bbox 414 1341 529 1397; x_wconf 89' lang='grc' dir='ltr'><strong><em>Καὶ</em></strong></span> <span class='ocrx_word' id='word_1_115' title='bbox 581 1344 755 1397; x_wconf 86' lang='grc' dir='ltr'><strong><em>ταῦτα</em></strong></span> <span class='ocrx_word' id='word_1_116' title='bbox 808 1344 1232 1414; x_wconf 86' lang='grc' dir='ltr'><strong><em>προμηθοῦμαι,</em></strong></span> <span class='ocrx_word' id='word_1_117' title='bbox 1288 1335 1332 1399; x_wconf 74' lang='grc' dir='ltr'><em>ὦ</em></span> <span class='ocrx_word' id='word_1_118' title='bbox 1388 1347 1640 1415; x_wconf 78' lang='grc' dir='ltr'><strong><em>Κρίτων,</em></strong></span> <span class='ocrx_word' id='word_1_119' title='bbox 1692 1340 1786 1396; x_wconf 86' lang='grc' dir='ltr'><strong><em>καὶ</em></strong></span> 
     </span>
     <span class='ocr_line' id='line_1_15' title="bbox 103 1428 475 1486; baseline -0.008 0"><span class='ocrx_word' id='word_1_120' title='bbox 103 1429 243 1486; x_wconf 74' lang='grc' dir='ltr'><strong><em>ἄλλα</em></strong></span> <span class='ocrx_word' id='word_1_121' title='bbox 282 1428 475 1485; x_wconf 87' lang='grc' dir='ltr'><strong><em>πολλά.</em></strong></span> 
     </span>
     <span class='ocr_line' id='line_1_16' title="bbox 248 1515 1786 1590; baseline 0.003 -22"><span class='ocrx_word' id='word_1_122' title='bbox 248 1527 339 1569; x_wconf 87' lang='grc' dir='ltr'><strong><em>ΚΡ.</em></strong></span> <span class='ocrx_word' id='word_1_123' title='bbox 400 1515 562 1587; x_wconf 86' lang='grc' dir='ltr'><strong><em>Μήτε</em></strong></span> <span class='ocrx_word' id='word_1_124' title='bbox 606 1521 801 1573; x_wconf 86' lang='grc' dir='ltr'><strong><em>τοίνυν</em></strong></span> <span class='ocrx_word' id='word_1_125' title='bbox 854 1519 1029 1573; x_wconf 83' lang='grc' dir='ltr'><strong><em>ταῦτα</em></strong></span> <span class='ocrx_word' id='word_1_126' title='bbox 1082 1521 1288 1588; x_wconf 85' lang='grc' dir='ltr'><strong><em>φοβοῦ·</em></strong></span> <span class='ocrx_word' id='word_1_127' title='bbox 1341 1518 1435 1573; x_wconf 86' lang='grc' dir='ltr'><strong><em>καὶ</em></strong></span> <span class='ocrx_word' id='word_1_128' title='bbox 1487 1517 1595 1590; x_wconf 81' lang='grc' dir='ltr'><strong><em>γὰρ</em></strong></span> <span class='ocrx_word' id='word_1_129' title='bbox 1651 1516 1786 1573; x_wconf 78' lang='grc' dir='ltr'><strong><em>οὐδὲ</em></strong></span> 
     </span>
     <span class='ocr_line' id='line_1_17' title="bbox 102 1603 1791 1677; baseline -0.001 -16"><span class='ocrx_word' id='word_1_130' title='bbox 102 1603 247 1661; x_wconf 83' lang='grc' dir='ltr'><strong><em>πολὺ</em></strong></span> <span class='ocrx_word' id='word_1_131' title='bbox 277 1603 586 1677; x_wconf 90' lang='grc' dir='ltr'><strong><em>τάργύριόν</em></strong></span> <span class='ocrx_word' id='word_1_132' title='bbox 619 1607 786 1676; x_wconf 84' lang='grc' dir='ltr'><strong><em>ἐστιν,</em></strong></span> <span class='ocrx_word' id='word_1_133' title='bbox 822 1603 852 1661; x_wconf 82' lang='grc' dir='ltr'><em>ὃ</em></span> <span class='ocrx_word' id='word_1_134' title='bbox 888 1606 1122 1662; x_wconf 81' lang='grc' dir='ltr'><strong><em>θέλουσι</em></strong></span> <span class='ocrx_word' id='word_1_135' title='bbox 1145 1605 1410 1676; x_wconf 83' lang='grc' dir='ltr'><strong><em>λαβόντες</em></strong></span> <span class='ocrx_word' id='word_1_136' title='bbox 1440 1606 1586 1672; x_wconf 75' lang='grc' dir='ltr'><strong><em>τινὲς</em></strong></span> <span class='ocrx_word' id='word_1_137' title='bbox 1609 1608 1791 1661; x_wconf 76' lang='grc' dir='ltr'><strong><em>σῶσαί</em></strong></span> 
     </span>
     <span class='ocr_line' id='line_1_18' title="bbox 104 1693 1785 1767; baseline -0.001 -17"><span class='ocrx_word' id='word_1_138' title='bbox 104 1710 164 1750; x_wconf 93' lang='grc' dir='ltr'><strong><em>σε</em></strong></span> <span class='ocrx_word' id='word_1_139' title='bbox 201 1694 294 1749; x_wconf 86' lang='grc' dir='ltr'><strong><em>καὶ</em></strong></span> <span class='ocrx_word' id='word_1_140' title='bbox 335 1694 619 1763; x_wconf 74' lang='grc' dir='ltr'><strong><em>ἐξαγαγεῖν</em></strong></span> <span class='ocrx_word' id='word_1_141' title='bbox 661 1694 908 1750; x_wconf 84' lang='grc' dir='ltr'><strong><em>ἐνθένδε.</em></strong></span> <span class='ocrx_word' id='word_1_142' title='bbox 984 1698 1167 1750; x_wconf 83' lang='grc' dir='ltr'><strong><em>ἔπειτα</em></strong></span> <span class='ocrx_word' id='word_1_143' title='bbox 1214 1693 1318 1766; x_wconf 83' lang='grc' dir='ltr'><strong><em>οὐχ</em></strong></span> <span class='ocrx_word' id='word_1_144' title='bbox 1373 1693 1510 1767; x_wconf 80' lang='grc' dir='ltr'><strong><em>ὁρᾷς</em></strong></span> <span class='ocrx_word' id='word_1_145' title='bbox 1554 1693 1785 1759; x_wconf 80' lang='grc' dir='ltr'><strong><em>τούτους</em></strong></span> 
     </span>
    </p>
   </div>
   <div class='ocr_carea' id='block_1_8' title="bbox 102 1778 1839 1941">
    <p class='ocr_par' dir='ltr' id='par_1_8' title="bbox 0 1778 1839 1959">
     <span class='ocr_line' id='line_1_19' title="bbox 102 1778 1785 1851; baseline 0 -15"><span class='ocrx_word' id='word_1_146' title='bbox 102 1780 234 1846; x_wconf 87' lang='grc' dir='ltr'><strong><em>τοὺς</em></strong></span> <span class='ocrx_word' id='word_1_147' title='bbox 296 1780 650 1850; x_wconf 80' lang='grc' dir='ltr'><strong><em>συκοφάντας</em></strong></span> <span class='ocrx_word' id='word_1_148' title='bbox 710 1778 784 1846; x_wconf 75' lang='grc' dir='ltr'><strong><em>ὥς</em></strong></span> <span class='ocrx_word' id='word_1_149' title='bbox 845 1780 1104 1851; x_wconf 81' lang='grc' dir='ltr'><strong><em>εὐτελεῖς,</em></strong></span> <span class='ocrx_word' id='word_1_150' title='bbox 1166 1782 1258 1836; x_wconf 86' lang='grc' dir='ltr'><strong><em>καὶ</em></strong></span> <span class='ocrx_word' id='word_1_151' title='bbox 1312 1779 1481 1837; x_wconf 75' lang='grc' dir='ltr'><strong><em>οὐδὲν</em></strong></span> <span class='ocrx_word' id='word_1_152' title='bbox 1542 1779 1612 1837; x_wconf 72' lang='grc' dir='ltr'><strong><em>ἂν</em></strong></span> <span class='ocrx_word' id='word_1_153' title='bbox 1667 1782 1785 1838; x_wconf 86' lang='grc' dir='ltr'><strong><em>δέοι</em></strong></span> 
     </span>
     <span class='ocr_line' id='line_1_20' title="bbox 104 1867 1839 1941; baseline -0.001 -16.111"><span class='ocrx_word' id='word_1_154' title='bbox 104 1867 186 1925; x_wconf 80' lang='grc' dir='ltr'><strong><em>ἐπ’</em></strong></span> <span class='ocrx_word' id='word_1_155' title='bbox 231 1867 435 1933; x_wconf 83' lang='grc' dir='ltr'><strong><em>αὐτοὺς</em></strong></span> <span class='ocrx_word' id='word_1_156' title='bbox 465 1872 676 1924; x_wconf 83' lang='grc' dir='ltr'><strong><em>πολλοῦ</em></strong></span> <span class='ocrx_word' id='word_1_157' title='bbox 717 1867 1014 1940; x_wconf 84' lang='grc' dir='ltr'><strong><em>ἀργυρίου;</em></strong></span> <span class='ocrx_word' id='word_1_158' title='bbox 1055 1869 1145 1925; x_wconf 85' lang='grc' dir='ltr'><strong><em>σοὶ</em></strong></span> <span class='ocrx_word' id='word_1_159' title='bbox 1177 1870 1240 1925; x_wconf 75' lang='grc' dir='ltr'><strong><em>δὲ</em></strong></span> <span class='ocrx_word' id='word_1_160' title='bbox 1268 1867 1503 1941; x_wconf 76' lang='grc' dir='ltr'><strong><em>ὑπάρχει</em></strong></span> <span class='ocrx_word' id='word_1_161' title='bbox 1542 1869 1643 1941; x_wconf 70' lang='grc' dir='ltr'><strong><em>μὲν</em></strong></span> <span class='ocrx_word' id='word_1_162' title='bbox 1677 1876 1685 1937; x_wconf 89' lang='grc' dir='ltr'>Ι</span> <span class='ocrx_word' id='word_1_163' title='bbox 1718 1868 1839 1925; x_wconf 83' lang='grc' dir='ltr'><strong><em>τάΒ</em></strong></span> 
     </span>
    </p>
   </div>
   <div class='ocr_carea' id='block_1_9' title="bbox 105 1955 1785 2028">
    <p class='ocr_par' dir='ltr' id='par_1_9' title="bbox 2 1954 1785 2028">
     <span class='ocr_line' id='line_1_21' title="bbox 105 1955 1785 2028; baseline -0.001 -15.058"><span class='ocrx_word' id='word_1_164' title='bbox 105 1956 207 2028; x_wconf 78' lang='grc' dir='ltr'><strong><em>ε’μὰ</em></strong></span> <span class='ocrx_word' id='word_1_165' title='bbox 253 1956 526 2028; x_wconf 83' lang='grc' dir='ltr'><strong><em>χρήματα,</em></strong></span> <span class='ocrx_word' id='word_1_166' title='bbox 575 1956 649 2022; x_wconf 78' lang='grc' dir='ltr'><strong><em>ὥς</em></strong></span> <span class='ocrx_word' id='word_1_167' title='bbox 695 1956 800 2028; x_wconf 70' lang='grc' dir='ltr'><strong><em>ἐγώ</em></strong></span> <span class='ocrx_word' id='word_1_168' title='bbox 851 1955 1028 2028; x_wconf 80' lang='grc' dir='ltr'><strong><em>οἶμαι,</em></strong></span> <span class='ocrx_word' id='word_1_169' title='bbox 1071 1957 1256 2013; x_wconf 72' lang='grc' dir='ltr'><strong><em>ἱκανά·</em></strong></span> <span class='ocrx_word' id='word_1_170' title='bbox 1296 1962 1478 2013; x_wconf 82' lang='grc' dir='ltr'><strong><em>ἔπειτα</em></strong></span> <span class='ocrx_word' id='word_1_171' title='bbox 1515 1957 1608 2012; x_wconf 80' lang='grc' dir='ltr'><strong><em>καὶ</em></strong></span> <span class='ocrx_word' id='word_1_172' title='bbox 1646 1964 1702 2013; x_wconf 81' lang='grc' dir='ltr'><strong><em>εἴ</em></strong></span> <span class='ocrx_word' id='word_1_173' title='bbox 1732 1978 1785 2012; x_wconf 91' lang='grc' dir='ltr'><strong><em>τι</em></strong></span> 
     </span>
    </p>
   </div>
   <div class='ocr_carea' id='block_1_10' title="bbox 106 2042 1785 2115">
    <p class='ocr_par' dir='ltr' id='par_1_10' title="bbox 6 2027 1785 2115">
     <span class='ocr_line' id='line_1_22' title="bbox 106 2042 1785 2115; baseline -0.001 -15.056"><span class='ocrx_word' id='word_1_174' title='bbox 106 2047 241 2115; x_wconf 83' lang='grc' dir='ltr'><strong><em>ἐμοῦ</em></strong></span> <span class='ocrx_word' id='word_1_175' title='bbox 279 2045 585 2115; x_wconf 84' lang='grc' dir='ltr'><strong><em>κηδόμενος</em></strong></span> <span class='ocrx_word' id='word_1_176' title='bbox 625 2043 728 2099; x_wconf 85' lang='grc' dir='ltr'><strong><em>οὐκ</em></strong></span> <span class='ocrx_word' id='word_1_177' title='bbox 767 2051 871 2100; x_wconf 79' lang='grc' dir='ltr'><strong><em>οἴει</em></strong></span> <span class='ocrx_word' id='word_1_178' title='bbox 911 2048 1030 2100; x_wconf 92' lang='grc' dir='ltr'><strong><em>δεῖν</em></strong></span> <span class='ocrx_word' id='word_1_179' title='bbox 1069 2042 1389 2100; x_wconf 81' lang='grc' dir='ltr'><strong><em>ἀναλίσκειν</em></strong></span> <span class='ocrx_word' id='word_1_180' title='bbox 1427 2042 1597 2115; x_wconf 90' lang='grc' dir='ltr'><strong><em>τάμά,</em></strong></span> <span class='ocrx_word' id='word_1_181' title='bbox 1638 2045 1785 2110; x_wconf 81' lang='grc' dir='ltr'><strong><em>ξένοι</em></strong></span> 
     </span>
    </p>
   </div>
   <div class='ocr_carea' id='block_1_11' title="bbox 9 2128 1786 2648">
    <p class='ocr_par' dir='ltr' id='par_1_11' title="bbox 9 2128 1786 2648">
     <span class='ocr_line' id='line_1_23' title="bbox 9 2128 1785 2203; baseline -0.001 -15"><span class='ocrx_word' id='word_1_182' title='bbox 9 2135 48 2194; x_wconf 57' lang='grc' dir='ltr'><strong><em>ἶ*-</em></strong></span> <span class='ocrx_word' id='word_1_183' title='bbox 106 2137 186 2188; x_wconf 83' lang='grc' dir='ltr'><strong><em>ἔτι</em></strong></span> <span class='ocrx_word' id='word_1_184' title='bbox 226 2131 433 2188; x_wconf 87' lang='grc' dir='ltr'><strong><em>ἐνθάδε</em></strong></span> <span class='ocrx_word' id='word_1_185' title='bbox 473 2133 681 2202; x_wconf 77' lang='grc' dir='ltr'><strong><em>ἕτοιμοι</em></strong></span> <span class='ocrx_word' id='word_1_186' title='bbox 728 2131 1068 2188; x_wconf 84' lang='grc' dir='ltr'><strong><em>ἀναλίσκειν·</em></strong></span> <span class='ocrx_word' id='word_1_187' title='bbox 1119 2128 1197 2198; x_wconf 84' lang='grc' dir='ltr'><strong><em>εἷς</em></strong></span> <span class='ocrx_word' id='word_1_188' title='bbox 1247 2133 1309 2188; x_wconf 73' lang='grc' dir='ltr'><strong><em>δὲ</em></strong></span> <span class='ocrx_word' id='word_1_189' title='bbox 1357 2134 1449 2188; x_wconf 87' lang='grc' dir='ltr'><strong><em>καὶ</em></strong></span> <span class='ocrx_word' id='word_1_190' title='bbox 1497 2131 1785 2203; x_wconf 86' lang='grc' dir='ltr'><strong><em>κεκόμικεν</em></strong></span> 
     </span>
     <span class='ocr_line' id='line_1_24' title="bbox 11 2218 1785 2293; baseline 0.001 -17"><span class='ocrx_word' id='word_1_191' title='bbox 11 2222 26 2286; x_wconf 60' lang='grc' dir='ltr'><strong><em>’ἦ</em></strong></span> <span class='ocrx_word' id='word_1_192' title='bbox 106 2218 189 2276; x_wconf 84' lang='grc' dir='ltr'><strong><em>ἐπ’</em></strong></span> <span class='ocrx_word' id='word_1_193' title='bbox 235 2218 368 2276; x_wconf 84' lang='grc' dir='ltr'><strong><em>αὐτὸ</em></strong></span> <span class='ocrx_word' id='word_1_194' title='bbox 409 2223 574 2275; x_wconf 86' lang='grc' dir='ltr'><strong><em>τοῦτο</em></strong></span> <span class='ocrx_word' id='word_1_195' title='bbox 608 2218 881 2293; x_wconf 89' lang='grc' dir='ltr'><strong><em>ἀργύριον</em></strong></span> <span class='ocrx_word' id='word_1_196' title='bbox 915 2219 1129 2291; x_wconf 79' lang='grc' dir='ltr'><strong><em>ἱκανόν,</em></strong></span> <span class='ocrx_word' id='word_1_197' title='bbox 1171 2225 1413 2292; x_wconf 89' lang='grc' dir='ltr'><strong><em>Σιμμίας</em></strong></span> <span class='ocrx_word' id='word_1_198' title='bbox 1453 2219 1482 2277; x_wconf 87' lang='grc' dir='ltr'>ὁ</span> <span class='ocrx_word' id='word_1_199' title='bbox 1523 2226 1785 2293; x_wconf 82' lang='grc' dir='ltr'><strong><em>Θηβαῖος·</em></strong></span> 
     </span>
     <span class='ocr_line' id='line_1_25' title="bbox 12 2308 1783 2380; baseline 0.001 -16"><span class='ocrx_word' id='word_1_200' title='bbox 12 2310 27 2320; x_wconf 70' lang='grc'><em>”</em></span> <span class='ocrx_word' id='word_1_201' title='bbox 107 2310 322 2380; x_wconf 80' lang='grc' dir='ltr'><strong><em>ἕτοιμος</em></strong></span> <span class='ocrx_word' id='word_1_202' title='bbox 360 2308 422 2363; x_wconf 80' lang='grc' dir='ltr'><strong><em>δὲ</em></strong></span> <span class='ocrx_word' id='word_1_203' title='bbox 459 2310 551 2363; x_wconf 87' lang='grc' dir='ltr'><strong><em>καὶ</em></strong></span> <span class='ocrx_word' id='word_1_204' title='bbox 591 2309 774 2379; x_wconf 86' lang='grc' dir='ltr'><strong><em>Κέβης</em></strong></span> <span class='ocrx_word' id='word_1_205' title='bbox 819 2309 911 2363; x_wconf 88' lang='grc' dir='ltr'><strong><em>καὶ</em></strong></span> <span class='ocrx_word' id='word_1_206' title='bbox 958 2308 1117 2364; x_wconf 75' lang='grc' dir='ltr'><strong><em>ἄλλοι</em></strong></span> <span class='ocrx_word' id='word_1_207' title='bbox 1162 2309 1357 2365; x_wconf 87' lang='grc' dir='ltr'><strong><em>πολλοὶ</em></strong></span> <span class='ocrx_word' id='word_1_208' title='bbox 1411 2309 1573 2365; x_wconf 91' lang='grc' dir='ltr'><strong><em>πάνυ.</em></strong></span> <span class='ocrx_word' id='word_1_209' title='bbox 1629 2308 1783 2379; x_wconf 74' lang='grc' dir='ltr'><strong><em>ὥστε,</em></strong></span> 
     </span>
     <span class='ocr_line' id='line_1_26' title="bbox 109 2394 1784 2470; baseline -0.001 -18.107"><span class='ocrx_word' id='word_1_210' title='bbox 109 2394 240 2469; x_wconf 82' lang='grc' dir='ltr'><strong><em>ὅπερ</em></strong></span> <span class='ocrx_word' id='word_1_211' title='bbox 281 2397 440 2466; x_wconf 89' lang='grc' dir='ltr'><strong><em>λέγω,</em></strong></span> <span class='ocrx_word' id='word_1_212' title='bbox 481 2395 613 2467; x_wconf 83' lang='grc' dir='ltr'><strong><em>μήτε</em></strong></span> <span class='ocrx_word' id='word_1_213' title='bbox 652 2399 823 2451; x_wconf 83' lang='grc' dir='ltr'><strong><em>ταῦτα</em></strong></span> <span class='ocrx_word' id='word_1_214' title='bbox 863 2396 1214 2467; x_wconf 85' lang='grc' dir='ltr'><strong><em>φοβούμενος</em></strong></span> <span class='ocrx_word' id='word_1_215' title='bbox 1253 2395 1539 2470; x_wconf 79' lang='grc' dir='ltr'><strong><em>ἀποκάμῃς</em></strong></span> <span class='ocrx_word' id='word_1_216' title='bbox 1578 2395 1784 2452; x_wconf 84' lang='grc' dir='ltr'><strong><em>σαυτὸν</em></strong></span> 
     </span>
     <span class='ocr_line' id='line_1_27' title="bbox 20 2481 1786 2560; baseline 0 -20"><span class='ocrx_word' id='word_1_217' title='bbox 20 2495 22 2499; x_wconf 82' lang='grc'>’</span> <span class='ocrx_word' id='word_1_218' title='bbox 108 2488 301 2554; x_wconf 76' lang='grc' dir='ltr'><strong><em>σῶσαι,</em></strong></span> <span class='ocrx_word' id='word_1_219' title='bbox 342 2482 500 2555; x_wconf 86' lang='grc' dir='ltr'><strong><em>μήτε,</em></strong></span> <span class='ocrx_word' id='word_1_220' title='bbox 542 2481 571 2539; x_wconf 83' lang='grc' dir='ltr'>ὃ</span> <span class='ocrx_word' id='word_1_221' title='bbox 606 2488 784 2554; x_wconf 84' lang='grc' dir='ltr'><strong><em>ἔλεγες</em></strong></span> <span class='ocrx_word' id='word_1_222' title='bbox 814 2486 875 2540; x_wconf 80' lang='grc' dir='ltr'><strong><em>ἐν</em></strong></span> <span class='ocrx_word' id='word_1_223' title='bbox 905 2488 979 2559; x_wconf 79' lang='grc' dir='ltr'><strong><em>τῷ</em></strong></span> <span class='ocrx_word' id='word_1_224' title='bbox 1015 2488 1366 2560; x_wconf 77' lang='grc' dir='ltr'><strong><em>δικαστηρίῳ,</em></strong></span> <span class='ocrx_word' id='word_1_225' title='bbox 1407 2485 1665 2557; x_wconf 87' lang='grc' dir='ltr'><strong><em>δυσχερές</em></strong></span> <span class='ocrx_word' id='word_1_226' title='bbox 1697 2499 1786 2540; x_wconf 90' lang='grc' dir='ltr'><strong><em>σοι</em></strong></span> 
     </span>
     <span class='ocr_line' id='line_1_28' title="bbox 107 2567 1786 2648; baseline 0 -21"><span class='ocrx_word' id='word_1_227' title='bbox 107 2572 377 2642; x_wconf 83' lang='grc' dir='ltr'><strong><em>γενέσθω,</em></strong></span> <span class='ocrx_word' id='word_1_228' title='bbox 418 2569 502 2626; x_wconf 81' lang='grc' dir='ltr'><strong><em>ὅτι</em></strong></span> <span class='ocrx_word' id='word_1_229' title='bbox 542 2569 644 2626; x_wconf 86' lang='grc' dir='ltr'><strong><em>οὐκ</em></strong></span> <span class='ocrx_word' id='word_1_230' title='bbox 684 2567 754 2625; x_wconf 76' lang='grc' dir='ltr'><strong><em>ἂν</em></strong></span> <span class='ocrx_word' id='word_1_231' title='bbox 795 2575 939 2643; x_wconf 82' lang='grc' dir='ltr'><strong><em>ἔχοις</em></strong></span> <span class='ocrx_word' id='word_1_232' title='bbox 979 2571 1221 2638; x_wconf 73' lang='grc' dir='ltr'><strong><em>ἐξελθὼν</em></strong></span> <span class='ocrx_word' id='word_1_233' title='bbox 1261 2570 1347 2628; x_wconf 79' lang='grc' dir='ltr'><strong><em>ὅτι</em></strong></span> <span class='ocrx_word' id='word_1_234' title='bbox 1391 2575 1540 2648; x_wconf 79' lang='grc' dir='ltr'><strong><em>χρῷο</em></strong></span> <span class='ocrx_word' id='word_1_235' title='bbox 1581 2574 1786 2648; x_wconf 78' lang='grc' dir='ltr'><strong><em>σαυτῷ·</em></strong></span> 
     </span>
    </p>
   </div>
   <div class='ocr_carea' id='block_1_12' title="bbox 12 2712 53 2912">
    <p class='ocr_par' dir='ltr' id='par_1_12' title="bbox 12 2712 53 2912">
     <span class='ocr_line' id='line_1_29' title="bbox 12 2712 44 2844; baseline 0 0"><span class='ocrx_word' id='word_1_236' title='bbox 12 2712 44 2844; x_wconf 50' lang='lat' dir='ltr'><strong><em>&#39;J</em></strong></span> 
     </span>
     <span class='ocr_line' id='line_1_30' title="bbox 14 2864 53 2912; baseline 0 -7"><span class='ocrx_word' id='word_1_237' title='bbox 14 2864 53 2912; x_wconf 38' lang='lat'><strong><em>0„</em></strong></span> 
     </span>
    </p>
   </div>
   <div class='ocr_carea' id='block_1_13' title="bbox 23 2826 50 2928">
    <p class='ocr_par' dir='ltr' id='par_1_13' title="bbox 23 2826 58 2941">
     <span class='ocr_line' id='line_1_31' title="bbox 23 2826 50 2877; baseline 0 -8"><span class='ocrx_word' id='word_1_238' title='bbox 23 2826 50 2877; x_wconf 50' lang='grc' dir='ltr'><strong><em>,ἴε</em></strong></span> 
     </span>
     <span class='ocr_line' id='line_1_32' title="bbox 24 2900 47 2928; baseline 0 -10"><span class='ocrx_word' id='word_1_239' title='bbox 24 2900 47 2928; x_wconf 44' lang='grc'><strong><em>(1</em></strong></span> 
     </span>
    </p>
   </div>
   <div class='ocr_carea' id='block_1_14' title="bbox 23 2652 1844 2731">
    <p class='ocr_par' dir='ltr' id='par_1_14' title="bbox 23 2652 1844 2731">
     <span class='ocr_line' id='line_1_33' title="bbox 23 2652 1844 2731; baseline -0.001 -18"><span class='ocrx_word' id='word_1_240' title='bbox 23 2652 45 2682; x_wconf 50' lang='grc'><strong><em>’·”</em></strong></span> <span class='ocrx_word' id='word_1_241' title='bbox 108 2661 388 2730; x_wconf 84' lang='grc' dir='ltr'><strong><em>πολλαχοῦ</em></strong></span> <span class='ocrx_word' id='word_1_242' title='bbox 429 2658 529 2729; x_wconf 73' lang='grc' dir='ltr'><strong><em>μὲν</em></strong></span> <span class='ocrx_word' id='word_1_243' title='bbox 575 2658 682 2730; x_wconf 82' lang='grc' dir='ltr'><strong><em>γὰρ</em></strong></span> <span class='ocrx_word' id='word_1_244' title='bbox 729 2659 821 2714; x_wconf 81' lang='grc' dir='ltr'><strong><em>καὶ</em></strong></span> <span class='ocrx_word' id='word_1_245' title='bbox 869 2658 1067 2715; x_wconf 75' lang='grc' dir='ltr'><strong><em>ἄλλοσε</em></strong></span> <span class='ocrx_word' id='word_1_246' title='bbox 1114 2658 1241 2715; x_wconf 79' lang='grc' dir='ltr'><strong><em>ὅποι</em></strong></span> <span class='ocrx_word' id='word_1_247' title='bbox 1288 2656 1361 2715; x_wconf 77' lang='grc' dir='ltr'><strong><em>ἄν</em></strong></span> <span class='ocrx_word' id='word_1_248' title='bbox 1407 2658 1580 2731; x_wconf 81' lang='grc' dir='ltr'><strong><em>ἀφίκῃ</em></strong></span> <span class='ocrx_word' id='word_1_249' title='bbox 1615 2661 1623 2731; x_wconf 85' lang='grc' dir='ltr'>Ι</span> <span class='ocrx_word' id='word_1_250' title='bbox 1659 2658 1844 2729; x_wconf 82' lang='grc' dir='ltr'><strong><em>ἀγα-Ο</em></strong></span> 
     </span>
    </p>
   </div>
   <div class='ocr_carea' id='block_1_15' title="bbox 108 2745 1785 2819">
    <p class='ocr_par' dir='ltr' id='par_1_15' title="bbox 108 2745 1785 2819">
     <span class='ocr_line' id='line_1_34' title="bbox 108 2745 1785 2819; baseline 0.001 -19"><span class='ocrx_word' id='word_1_251' title='bbox 108 2745 354 2816; x_wconf 85' lang='grc' dir='ltr'><strong><em>πήσουσί</em></strong></span> <span class='ocrx_word' id='word_1_252' title='bbox 389 2763 470 2801; x_wconf 84' lang='grc' dir='ltr'><strong><em>σε·</em></strong></span> <span class='ocrx_word' id='word_1_253' title='bbox 519 2745 616 2801; x_wconf 80' lang='grc' dir='ltr'><strong><em>ἐὰν</em></strong></span> <span class='ocrx_word' id='word_1_254' title='bbox 657 2746 718 2801; x_wconf 75' lang='grc' dir='ltr'><strong><em>δὲ</em></strong></span> <span class='ocrx_word' id='word_1_255' title='bbox 756 2746 931 2819; x_wconf 82' lang='grc' dir='ltr'><strong><em>βούλῃ</em></strong></span> <span class='ocrx_word' id='word_1_256' title='bbox 973 2751 1049 2813; x_wconf 86' lang='grc' dir='ltr'><strong><em>είς</em></strong></span> <span class='ocrx_word' id='word_1_257' title='bbox 1088 2751 1388 2803; x_wconf 81' lang='grc' dir='ltr'><strong><em>Θετταλίαν</em></strong></span> <span class='ocrx_word' id='word_1_258' title='bbox 1437 2747 1604 2817; x_wconf 83' lang='grc' dir='ltr'><strong><em>ἰέναι,</em></strong></span> <span class='ocrx_word' id='word_1_259' title='bbox 1645 2746 1785 2802; x_wconf 79' lang='grc' dir='ltr'><strong><em>εἰσὶν</em></strong></span> 
     </span>
    </p>
   </div>
   <div class='ocr_carea' id='block_1_16' title="bbox 40 2832 1785 2906">
    <p class='ocr_par' dir='ltr' id='par_1_16' title="bbox 40 2832 1785 2906">
     <span class='ocr_line' id='line_1_35' title="bbox 40 2832 1785 2906; baseline -0.001 -17"><span class='ocrx_word' id='word_1_260' title='bbox 40 2895 41 2899; x_wconf 11' lang='grc' dir='ltr'><strong>Ἰ</strong></span> <span class='ocrx_word' id='word_1_261' title='bbox 111 2833 232 2905; x_wconf 84' lang='grc' dir='ltr'><strong><em>ἐμοὶ</em></strong></span> <span class='ocrx_word' id='word_1_262' title='bbox 287 2834 400 2889; x_wconf 84' lang='grc' dir='ltr'><strong><em>ἐκεῖ</em></strong></span> <span class='ocrx_word' id='word_1_263' title='bbox 443 2833 614 2904; x_wconf 83' lang='grc' dir='ltr'><strong><em>ξένοι,</em></strong></span> <span class='ocrx_word' id='word_1_264' title='bbox 671 2835 730 2888; x_wconf 80' lang='grc' dir='ltr'><strong><em>οἵ</em></strong></span> <span class='ocrx_word' id='word_1_265' title='bbox 779 2850 840 2890; x_wconf 89' lang='grc' dir='ltr'><strong><em>σε</em></strong></span> <span class='ocrx_word' id='word_1_266' title='bbox 892 2835 1019 2903; x_wconf 86' lang='grc' dir='ltr'><strong><em>περὶ</em></strong></span> <span class='ocrx_word' id='word_1_267' title='bbox 1064 2837 1273 2890; x_wconf 86' lang='grc' dir='ltr'><strong><em>πολλοῦ</em></strong></span> <span class='ocrx_word' id='word_1_268' title='bbox 1319 2834 1645 2906; x_wconf 88' lang='grc' dir='ltr'><strong><em>ποιήσονται</em></strong></span> <span class='ocrx_word' id='word_1_269' title='bbox 1694 2832 1785 2887; x_wconf 89' lang='grc' dir='ltr'><strong><em>καὶ</em></strong></span> 
     </span>
    </p>
   </div>
   <div class='ocr_carea' id='block_1_17' title="bbox 17 2921 81 3198">
    <p class='ocr_par' dir='ltr' id='par_1_17' title="bbox 17 2913 85 3198">
     <span class='ocr_line' id='line_1_36' title="bbox 17 2921 81 3198; baseline 0 -128"><span class='ocrx_word' id='word_1_270' title='bbox 17 2921 81 3198; x_wconf 45' lang='grc' dir='ltr'>ἦ</span> 
     </span>
    </p>
   </div>
   <div class='ocr_carea' id='block_1_18' title="bbox 1460 2920 1519 2965">
    <p class='ocr_par' dir='ltr' id='par_1_18' title="bbox 1460 2920 1519 2965">
     <span class='ocr_line' id='line_1_37' title="bbox 1460 2920 1519 2965; baseline 0 -18"><span class='ocrx_word' id='word_1_271' title='bbox 1460 2920 1519 2965; x_wconf 76' lang='lat'><strong><em>5*</em></strong></span> 
     </span>
    </p>
   </div>
  </div>
 </body>
</html>
