2020 3198
868 143 1111 186 ΦΑΙΔΩΝ.
1724 140 1828 194 147

451 237 474 248 .-

143 281 230 325 τες
266 260 359 315 καὶ
398 260 794 331 σκοπούμενοι·
835 262 1266 331 διαφθείρονται
1306 259 1412 330 γάρ
1450 278 1560 314 που
1592 262 1733 314 ἔνιοι
1761 256 1830 314 τὰ

146 346 386 420 ὄμματα,
432 347 530 404 ἐὰν
578 347 650 419 μὴ
699 350 759 404 ἐν
804 345 968 403 ὕδατι
1015 345 1051 417 ἥ
1091 370 1202 402 τινι
1240 347 1474 422 τοιούτῳ
1516 349 1829 403 σκοπῶνται

144 435 246 505 τὴν
286 434 474 491 εἰκόνα
509 441 516 504 Ι
551 433 739 490 αύτοῦ;
814 434 1073 490 τοιοῦτόν
1120 455 1173 489 τι
1219 435 1311 489 καὶ
1358 433 1463 505 ἐγὼ
1505 434 1884 505 διενοήθην,Ε

143 523 236 578 καὶ
290 527 501 593 ἔδεισα,
567 523 640 594 μὴ
694 521 1008 578 παντάπασι
1062 521 1164 592 τὴν
1226 521 1411 594 ψυχὴν
1470 527 1829 594 τυφλωθείην

146 611 362 680 βλέπων
417 609 554 680 πρὸς
607 609 675 664 τὰ
723 610 1014 682 πράγματα
1067 620 1183 675 τοῖς
1238 608 1445 681 ὄμμασι
1488 610 1827 684 καὶ”ἑκάστῃ

145 702 256 755 τῶν
296 697 615 770 αἰσθήσεων
657 700 947 771 ἐπιχειρῶν
986 696 1261 754 ἅπτεσθαι
1301 697 1500 755 αὐτῶν.
1571 700 1723 765 ἔδοξε
1758 698 1828 769 δή

145 807 245 854 μοι·
278 788 477 857 χρῆναι
524 789 603 851 εἰς
646 784 776 851 τοὺς
821 785 1026 857 λόγους
1070 787 1461 857 καταφυγόντα
1499 787 1560 842 ἐν
1600 789 1830 853 ἐκείνοις

145 883 370 929 σκοπεῖν
417 876 530 929 τῶν
577 871 758 930 ὄντων
805 871 907 944 τὴν
955 872 1243 945 ἀλήθειαν.
1321 880 1453 939 ἴσως
1498 874 1600 945 μὲν
1640 868 1745 931 οὖν
1785 868 1830 951 ᾦ

145 960 336 1027 εἰκάζω
361 961 568 1033 τρόπον
600 960 725 1017 τινὰ
761 959 865 1017 οὐκ
897 965 1091 1017 ἔοικεν.
1117 962 1124 1035 Ι
1152 960 1219 1017 οὐ
1250 960 1356 1034 γὰρ
1389 961 1538 1017 πάνυ
1562 967 1918 1036 συγχωρῶΙΟο

143 1049 243 1104 τὸν
291 1051 350 1104 ἐν
398 1059 514 1114 τοῖς
566 1049 753 1120 λόγοις
813 1047 1199 1121 σκοπούμενον
1245 1046 1312 1103 τὰ
1365 1047 1500 1104 ὄντα
1545 1052 1606 1106 ἐν
1653 1052 1829 1107 εἰκόσι

144 1139 357 1207 μᾶλλον
407 1147 631 1192 σκοπεῖν
680 1135 714 1208 ἢ
763 1135 863 1192 τὸν
911 1139 971 1193 ἐν
1021 1147 1136 1202 τοῖς
1185 1140 1386 1209 ἔργοις·
1435 1135 1555 1192 ἀλλ’
1606 1134 1711 1194 οὖν
1757 1142 1827 1211 δὴ

142 1224 312 1297 ταύτῃ
367 1246 430 1296 γε
485 1223 731 1298 ὥρμησα,
785 1225 879 1280 καὶ
935 1222 1286 1295 ὑποθέμενος
1340 1224 1594 1282 ἑκάστοτε
1638 1226 1828 1298 λόγον,
1885 1267 1887 1269 v

145 1310 212 1368 ὃν
264 1309 335 1368 ἄν
385 1317 557 1385 κρίνω
610 1314 1088 1385 ἐρρωμενέστατον
1141 1311 1308 1383 εἶναι,
1364 1311 1399 1366 ἃ
1454 1313 1556 1384 μὲν
1610 1314 1681 1370 ἄν
1735 1338 1830 1387 μοι

145 1404 282 1472 δοκῇ
322 1400 498 1476 τούτῳ
539 1405 890 1472 συμφωνεῖν,
937 1405 1134 1471 τίθημι
1182 1398 1256 1465 ὥς
1295 1398 1481 1473 ἀληθῆ
1530 1399 1690 1473 ὅντα,
1735 1404 1829 1458 καὶ

142 1490 268 1561 περὶ
308 1492 483 1553 αἰτίας
519 1489 612 1543 καὶ
651 1488 776 1561 περὶ
813 1492 927 1545 τῶν
967 1487 1152 1544 ἄλλων
1189 1485 1452 1544 ἁπάντων
1483 1493 1595 1546 τῶν
1628 1490 1827 1562 ὄντων,

144 1575 178 1631 ἃ
219 1575 272 1631 δ’
314 1574 386 1633 ἂν
425 1577 525 1648 μή,
576 1575 650 1643 ὦς
698 1575 799 1633 οὐκ
839 1574 1040 1648 ἀληθῆ.
1115 1575 1391 1647 βούλομαι
1431 1578 1497 1633 δέ
1531 1594 1621 1633 σοι
1660 1580 1827 1650 σαφέ-

144 1682 338 1735 στερον
386 1669 559 1721 εἰπεῖν
607 1662 641 1720 ἃ
690 1666 853 1736 λέγω·
907 1662 1060 1736 οἶμαι
1106 1664 1213 1737 γάρ
1255 1682 1315 1720 σε
1355 1667 1462 1721 νῦν
1504 1664 1571 1721 οὐ
1611 1666 1827 1737 μανθά-

143 1754 296 1810 νειν.’
373 1752 461 1808 ὀὐ
501 1755 575 1824 μὰ
615 1752 717 1808 τὸν
757 1753 916 1822 Δία,’
966 1756 1070 1823 ἔφη
1113 1750 1142 1807 ὁ
1185 1753 1393 1823 Κέβης,
1441 1750 1530 1809 ὀὐ
1569 1754 1826 1826 σφόδρα.’

286 1842 476 1897 XLIX.
553 1838 757 1910 ‘'Am?
797 1834 833 1911 ἦ
874 1837 925 1895 δ’
970 1838 1047 1911 ὅς,
1088 1833 1257 1911 ‘0362'
1291 1841 1450 1911 λέγω,
1491 1840 1659 1897 οὐδὲν
1696 1850 1871 1898 και-Β

141 1929 265 1999 νόν,
305 1929 428 1985 ἀλλ’
472 1928 611 2000 ἅπερ
659 1926 746 1983 ἀεὶ
784 1928 877 1983 καὶ
922 1926 1116 1984 ἄλλοτε
1154 1928 1247 1983 καὶ
1294 1931 1354 1984 ἐν
1400 1931 1475 2003 τῷ
1523 1936 1827 2001 παρεληλυ-

141 2017 272 2072 θότι
315 2017 462 2091 λόγῳ
516 2015 683 2072 οὐδὲν
735 2016 1013 2086 πέπαυμαι
1065 2016 1256 2086 λε’γων.
1332 2019 1558 2087 ἔρχομαι
1603 2015 1709 2090 γὰρ
1757 2017 1826 2089 δὴ

143 2107 430 2176 ἐπιχειρῶν
488 2120 576 2159 σοι
643 2104 1023 2167 ἐπιδείξασθαι
1078 2106 1175 2174 τῆς
1238 2106 1417 2169 αἰτίας
1475 2102 1537 2159 τὸ
1592 2102 1740 2171 εἶδος
1794 2103 1825 2162 ὃ

142 2191 653 2264 πεπραγμάτευμαι,
703 2191 796 2246 καὶ
842 2188 952 2262 εἶμι
999 2189 1166 2245 πάλιν
1213 2189 1295 2246 ἐπ’
1339 2192 1520 2246 ἐκεῖνα
1558 2190 1624 2247 τὰ
1663 2200 1826 2249 πολυ-

141 2279 393 2352 θρύλητα
440 2280 532 2335 καὶ
581 2277 819 2351 ἄρχομαι
858 2275 956 2333 ἀπ’
1003 2279 1255 2348 ἐκείνων,
1294 2276 1643 2349 ὑποθέμενος
1681 2278 1832 2337 εἶναί

141 2390 192 2423 τι
230 2367 402 2424 καλὸν
449 2366 586 2423 αὐτὸ
632 2366 765 2422 καθ’
821 2363 958 2422 αὐτὸ
1005 2366 1099 2421 καὶ
1144 2363 1367 2436 ἀγαθὸν
1411 2366 1502 2422 καὶ
1549 2368 1688 2439 με’γα
1731 2369 1825 2424 καὶ

142 2450 312 2511 τᾶλλα
351 2455 552 2512 πάντα·
607 2453 642 2510 ἃ
682 2461 738 2510 εἴ
771 2476 865 2526 μοι
906 2457 1074 2520 δίδως
1119 2475 1177 2509 τε
1213 2453 1306 2509 καὶ
1345 2466 1645 2527 συγχωρεῖς
1682 2454 1826 2512 εἶναι

142 2545 338 2612 ταῦτα,
395 2543 586 2609 ἐλπίζω
640 2558 729 2598 σοι
778 2543 837 2598 ἐκ
888 2540 1100 2597 τούτων
1149 2539 1252 2612 τὴν
1303 2544 1484 2597 αἰτίαν
1536 2544 1826 2610 ἐπιδείξειν

141 2630 232 2684 καὶ
272 2628 630 2702 ἀνευρήσειν,
678 2627 751 2695 ὥς
798 2628 1088 2685 ἀθάνατον
1135 2627 1170 2699 ἡ
1217 2630 1401 2700 ψυχή’
1479 2628 1636 2684 ’ἀλλὰ
1674 2630 1823 2701 μήν,’

143 2722 247 2788 ἔφη
312 2715 340 2773 ὁ
378 2724 384 2783 Ι
419 2718 627 2787 Κέβης,
690 2715 783 2782 *ὡς
845 2716 1100 2782 διδόντος
1158 2733 1246 2772 σοι
1300 2715 1402 2772 οὐκ
1455 2715 1525 2772 ἂν
1580 2717 1872 2787 φθάνοιςῦ

141 2805 453 2878 περαίνωνῖ
532 2805 740 2860 εσκόπει
789 2803 906 2875 δή,’
958 2809 1090 2875 ἔφη,
1139 2802 1223 2858 ετὰ
1264 2804 1386 2875 ἑξῆς
1424 2805 1678 2875 ἐκείνοις,
1725 2804 1823 2860 ἐάν

1468 2892 1552 2935 10*
