<?xml version="1.0" encoding="UTF-8"?>
<!DOCTYPE html PUBLIC "-//W3C//DTD XHTML 1.0 Transitional//EN"
    "http://www.w3.org/TR/xhtml1/DTD/xhtml1-transitional.dtd">
<html xmlns="http://www.w3.org/1999/xhtml" xml:lang="en" lang="en">
 <head>
  <title>
</title>
<meta http-equiv="Content-Type" content="text/html;charset=utf-8" />
  <meta name='ocr-system' content='tesseract 3.04.00' />
  <meta name='ocr-capabilities' content='ocr_page ocr_carea ocr_par ocr_line ocrx_word'/>
</head>
<body>
  <div class='ocr_page' id='page_1' title='image "./p1dialogisecumdu01platuoft_0217.png"; bbox 0 0 2020 3198; ppageno 0'>
   <div class='ocr_carea' id='block_1_1' title="bbox 844 167 1801 220">
    <p class='ocr_par' dir='ltr' id='par_1_1' title="bbox 844 167 1801 220">
     <span class='ocr_line' id='line_1_1' title="bbox 844 167 1801 220; baseline 0.007 -9"><span class='ocrx_word' id='word_1_1' title='bbox 844 169 1084 214; x_wconf 70' lang='grc' dir='ltr'><strong>ΦΑΙΔΩΝ.</strong></span> <span class='ocrx_word' id='word_1_2' title='bbox 1699 167 1801 220; x_wconf 76' lang='grc' dir='ltr'><strong><em>1Ί1</em></strong></span> 
     </span>
    </p>
   </div>
   <div class='ocr_carea' id='block_1_2' title="bbox 123 279 1806 446">
    <p class='ocr_par' dir='ltr' id='par_1_2' title="bbox 123 279 1806 446">
     <span class='ocr_line' id='line_1_2' title="bbox 123 279 1806 364; baseline -0.002 -21"><span class='ocrx_word' id='word_1_3' title='bbox 123 291 218 343; x_wconf 85' lang='grc' dir='ltr'><strong><em>δία</em></strong></span> <span class='ocrx_word' id='word_1_4' title='bbox 275 321 338 329; x_wconf 90' lang='grc'>-</span> <span class='ocrx_word' id='word_1_5' title='bbox 397 289 502 345; x_wconf 88' lang='grc' dir='ltr'><strong><em>δύο</em></strong></span> <span class='ocrx_word' id='word_1_6' title='bbox 554 287 662 360; x_wconf 81' lang='grc' dir='ltr'><strong><em>γὰρ</em></strong></span> <span class='ocrx_word' id='word_1_7' title='bbox 716 285 864 364; x_wconf 79' lang='grc' dir='ltr'><strong><em>αὐτῷ</em></strong></span> <span class='ocrx_word' id='word_1_8' title='bbox 918 289 1057 361; x_wconf 75' lang='grc' dir='ltr'><strong><em>υἱεῖς</em></strong></span> <span class='ocrx_word' id='word_1_9' title='bbox 1111 286 1331 359; x_wconf 85' lang='grc' dir='ltr'><strong><em>σμικροὶ</em></strong></span> <span class='ocrx_word' id='word_1_10' title='bbox 1385 279 1557 357; x_wconf 80' lang='grc' dir='ltr'><strong><em>ἦσαν,</em></strong></span> <span class='ocrx_word' id='word_1_11' title='bbox 1612 280 1690 352; x_wconf 82' lang='grc' dir='ltr'><strong><em>εἷς</em></strong></span> <span class='ocrx_word' id='word_1_12' title='bbox 1744 284 1806 341; x_wconf 74' lang='grc' dir='ltr'><strong><em>δὲ</em></strong></span> 
     </span>
     <span class='ocr_line' id='line_1_3' title="bbox 123 362 1806 446; baseline -0.001 -15"><span class='ocrx_word' id='word_1_13' title='bbox 123 376 291 446; x_wconf 97' lang='grc' dir='ltr'><strong><em>μέγας</em></strong></span> <span class='ocrx_word' id='word_1_14' title='bbox 329 409 397 417; x_wconf 93' lang='grc'><strong>-</strong></span> <span class='ocrx_word' id='word_1_15' title='bbox 437 376 530 432; x_wconf 91' lang='grc' dir='ltr'><strong><em>καὶ</em></strong></span> <span class='ocrx_word' id='word_1_16' title='bbox 577 378 638 430; x_wconf 77' lang='grc' dir='ltr'><strong><em>αἱ</em></strong></span> <span class='ocrx_word' id='word_1_17' title='bbox 681 379 877 432; x_wconf 81' lang='grc' dir='ltr'><em>οἰκεῖαι</em></span> <span class='ocrx_word' id='word_1_18' title='bbox 922 362 1180 446; x_wconf 76' lang='grc' dir='ltr'><strong><em>γυναῖκες</em></strong></span> <span class='ocrx_word' id='word_1_19' title='bbox 1226 372 1524 445; x_wconf 81' lang='grc' dir='ltr'><strong><em>ἀφίκοντο,</em></strong></span> <span class='ocrx_word' id='word_1_20' title='bbox 1573 375 1806 440; x_wconf 82' lang='grc' dir='ltr'><strong><em>ἐκείναις</em></strong></span> 
     </span>
    </p>
   </div>
   <div class='ocr_carea' id='block_1_3' title="bbox 91 461 1860 2909">
    <p class='ocr_par' dir='ltr' id='par_1_3' title="bbox 91 461 1860 2909">
     <span class='ocr_line' id='line_1_4' title="bbox 124 461 1806 536; baseline -0.001 -17"><span class='ocrx_word' id='word_1_21' title='bbox 124 466 381 520; x_wconf 90' lang='grc' dir='ltr'><strong><em>ἐναντίον</em></strong></span> <span class='ocrx_word' id='word_1_22' title='bbox 426 467 526 520; x_wconf 85' lang='grc' dir='ltr'><strong><em>τοῦ</em></strong></span> <span class='ocrx_word' id='word_1_23' title='bbox 564 468 854 536; x_wconf 78' lang='grc' dir='ltr'><strong><em>Κρίτωνος</em></strong></span> <span class='ocrx_word' id='word_1_24' title='bbox 900 466 1213 534; x_wconf 86' lang='grc' dir='ltr'><strong><em>διαλεχθείς</em></strong></span> <span class='ocrx_word' id='word_1_25' title='bbox 1257 483 1315 517; x_wconf 89' lang='grc' dir='ltr'><strong><em>τε</em></strong></span> <span class='ocrx_word' id='word_1_26' title='bbox 1360 461 1453 517; x_wconf 87' lang='grc' dir='ltr'><strong><em>καὶ</em></strong></span> <span class='ocrx_word' id='word_1_27' title='bbox 1501 463 1806 527; x_wconf 80' lang='grc' dir='ltr'><strong><em>ἐπιστείλας</em></strong></span> 
     </span>
     <span class='ocr_line' id='line_1_5' title="bbox 123 548 1806 624; baseline -0.001 -17"><span class='ocrx_word' id='word_1_28' title='bbox 123 549 258 608; x_wconf 74' lang='grc' dir='ltr'><strong><em>ἅττα</em></strong></span> <span class='ocrx_word' id='word_1_29' title='bbox 297 552 573 624; x_wconf 86' lang='grc' dir='ltr'><strong><em>ἐβούλετο,</em></strong></span> <span class='ocrx_word' id='word_1_30' title='bbox 611 551 708 617; x_wconf 81' lang='grc' dir='ltr'><strong><em>τὰς</em></strong></span> <span class='ocrx_word' id='word_1_31' title='bbox 745 551 846 623; x_wconf 75' lang='grc' dir='ltr'><strong><em>μὲν</em></strong></span> <span class='ocrx_word' id='word_1_32' title='bbox 883 561 1150 622; x_wconf 82' lang='grc' dir='ltr'><strong><em>γυναῖκας</em></strong></span> <span class='ocrx_word' id='word_1_33' title='bbox 1187 550 1279 606; x_wconf 86' lang='grc' dir='ltr'><strong><em>καὶ</em></strong></span> <span class='ocrx_word' id='word_1_34' title='bbox 1317 548 1383 605; x_wconf 80' lang='grc' dir='ltr'><strong><em>τὰ</em></strong></span> <span class='ocrx_word' id='word_1_35' title='bbox 1425 553 1618 606; x_wconf 88' lang='grc' dir='ltr'><strong><em>παιδία</em></strong></span> <span class='ocrx_word' id='word_1_36' title='bbox 1658 549 1806 606; x_wconf 88' lang='grc' dir='ltr'><strong><em>ἀπιέ-</em></strong></span> 
     </span>
     <span class='ocr_line' id='line_1_6' title="bbox 122 633 1804 712; baseline -0.001 -16"><span class='ocrx_word' id='word_1_37' title='bbox 122 662 218 696; x_wconf 90' lang='grc' dir='ltr'><strong><em>ναι</em></strong></span> <span class='ocrx_word' id='word_1_38' title='bbox 257 641 566 711; x_wconf 86' lang='grc' dir='ltr'><strong><em>ἐκέλευσεν,</em></strong></span> <span class='ocrx_word' id='word_1_39' title='bbox 606 639 772 706; x_wconf 83' lang='grc' dir='ltr'><strong><em>αὐτὸς</em></strong></span> <span class='ocrx_word' id='word_1_40' title='bbox 811 640 873 697; x_wconf 74' lang='grc' dir='ltr'><strong><em>δὲ</em></strong></span> <span class='ocrx_word' id='word_1_41' title='bbox 910 633 1007 712; x_wconf 79' lang='grc' dir='ltr'><strong><em>ἧκε</em></strong></span> <span class='ocrx_word' id='word_1_42' title='bbox 1046 637 1175 712; x_wconf 88' lang='grc' dir='ltr'><strong><em>παρ’</em></strong></span> <span class='ocrx_word' id='word_1_43' title='bbox 1219 637 1377 710; x_wconf 76' lang='grc' dir='ltr'><strong><em>ἡμᾶς.</em></strong></span> <span class='ocrx_word' id='word_1_44' title='bbox 1455 640 1548 695; x_wconf 89' lang='grc' dir='ltr'><strong><em>καὶ</em></strong></span> <span class='ocrx_word' id='word_1_45' title='bbox 1586 633 1658 711; x_wconf 80' lang='grc' dir='ltr'><strong><em>ἦν</em></strong></span> <span class='ocrx_word' id='word_1_46' title='bbox 1696 637 1804 710; x_wconf 79' lang='grc' dir='ltr'><strong><em>ἤδη</em></strong></span> 
     </span>
     <span class='ocr_line' id='line_1_7' title="bbox 124 726 1806 801; baseline -0.001 -17"><span class='ocrx_word' id='word_1_47' title='bbox 124 726 288 799; x_wconf 82' lang='grc' dir='ltr'><strong><em>ἐγγὺς</em></strong></span> <span class='ocrx_word' id='word_1_48' title='bbox 337 726 500 800; x_wconf 83' lang='grc' dir='ltr'><strong><em>ἡλίου</em></strong></span> <span class='ocrx_word' id='word_1_49' title='bbox 555 731 806 800; x_wconf 79' lang='grc' dir='ltr'><em>δυσμῶν·</em></span> <span class='ocrx_word' id='word_1_50' title='bbox 868 728 1076 801; x_wconf 88' lang='grc' dir='ltr'><strong><em>χρόνον</em></strong></span> <span class='ocrx_word' id='word_1_51' title='bbox 1129 726 1236 800; x_wconf 78' lang='grc' dir='ltr'><strong><em>γὰρ</em></strong></span> <span class='ocrx_word' id='word_1_52' title='bbox 1291 726 1471 783; x_wconf 85' lang='grc' dir='ltr'><strong><em>πολὺν</em></strong></span> <span class='ocrx_word' id='word_1_53' title='bbox 1526 727 1806 798; x_wconf 79' lang='grc' dir='ltr'><strong><em>διέτριψεν</em></strong></span> 
     </span>
     <span class='ocr_line' id='line_1_8' title="bbox 124 813 1806 886; baseline -0.002 -14"><span class='ocrx_word' id='word_1_54' title='bbox 124 819 304 872; x_wconf 82' lang='grc' dir='ltr'><strong><em>ἔνδον.</em></strong></span> <span class='ocrx_word' id='word_1_55' title='bbox 381 815 567 873; x_wconf 78' lang='grc' dir='ltr'><strong><em>ἐλθών</em></strong></span> <span class='ocrx_word' id='word_1_56' title='bbox 606 816 662 872; x_wconf 82' lang='grc' dir='ltr'><strong><em>δ’</em></strong></span> <span class='ocrx_word' id='word_1_57' title='bbox 700 818 983 884; x_wconf 84' lang='grc' dir='ltr'><strong><em>ἐκαθέζετο</em></strong></span> <span class='ocrx_word' id='word_1_58' title='bbox 1018 816 1366 886; x_wconf 81' lang='grc' dir='ltr'><strong><em>λελουμένος,</em></strong></span> <span class='ocrx_word' id='word_1_59' title='bbox 1405 815 1498 870; x_wconf 87' lang='grc' dir='ltr'><strong><em>καὶ</em></strong></span> <span class='ocrx_word' id='word_1_60' title='bbox 1530 813 1599 870; x_wconf 83' lang='grc' dir='ltr'><strong><em>οὐ</em></strong></span> <span class='ocrx_word' id='word_1_61' title='bbox 1629 813 1806 870; x_wconf 81' lang='grc' dir='ltr'><strong><em>πολλὰ</em></strong></span> 
     </span>
     <span class='ocr_line' id='line_1_9' title="bbox 122 897 1807 976; baseline -0.001 -17"><span class='ocrx_word' id='word_1_62' title='bbox 122 903 254 975; x_wconf 79' lang='grc' dir='ltr'><strong><em>μετὰ</em></strong></span> <span class='ocrx_word' id='word_1_63' title='bbox 300 907 472 960; x_wconf 86' lang='grc' dir='ltr'><strong><em>ταῦτα</em></strong></span> <span class='ocrx_word' id='word_1_64' title='bbox 519 906 802 976; x_wconf 76' lang='grc' dir='ltr'><strong><em>διελέχθη,</em></strong></span> <span class='ocrx_word' id='word_1_65' title='bbox 852 904 944 960; x_wconf 88' lang='grc' dir='ltr'><strong><em>καὶ</em></strong></span> <span class='ocrx_word' id='word_1_66' title='bbox 997 897 1131 976; x_wconf 79' lang='grc' dir='ltr'><strong><em>ἧκεν</em></strong></span> <span class='ocrx_word' id='word_1_67' title='bbox 1190 901 1219 958; x_wconf 97' lang='lat'>6</span> <span class='ocrx_word' id='word_1_68' title='bbox 1269 905 1381 959; x_wconf 76' lang='grc' dir='ltr'><strong><em>τῶν</em></strong></span> <span class='ocrx_word' id='word_1_69' title='bbox 1429 903 1625 958; x_wconf 78' lang='grc' dir='ltr'><strong><em>ἕνδεκα</em></strong></span> <span class='ocrx_word' id='word_1_70' title='bbox 1671 900 1807 974; x_wconf 81' lang='grc' dir='ltr'><strong><em>ὑπη-</em></strong></span> 
     </span>
     <span class='ocr_line' id='line_1_10' title="bbox 123 985 1859 1065; baseline 0.001 -18"><span class='ocrx_word' id='word_1_71' title='bbox 123 993 280 1062; x_wconf 81' lang='grc' dir='ltr'><strong><em>ρέτης</em></strong></span> <span class='ocrx_word' id='word_1_72' title='bbox 308 993 400 1048; x_wconf 82' lang='grc' dir='ltr'><strong><em>καὶ</em></strong></span> <span class='ocrx_word' id='word_1_73' title='bbox 440 991 570 1058; x_wconf 77' lang='grc' dir='ltr'><strong><em>στὰς</em></strong></span> <span class='ocrx_word' id='word_1_74' title='bbox 607 992 736 1065; x_wconf 85' lang='grc' dir='ltr'><strong><em>παρ’</em></strong></span> <span class='ocrx_word' id='word_1_75' title='bbox 790 991 982 1048; x_wconf 84' lang='grc' dir='ltr'><strong><em>αὐτόν·</em></strong></span> <span class='ocrx_word' id='word_1_76' title='bbox 1024 985 1086 1048; x_wconf 51' lang='grc' dir='ltr'><strong><em>(ὦ</em></strong></span> <span class='ocrx_word' id='word_1_77' title='bbox 1130 996 1138 1060; x_wconf 93' lang='grc' dir='ltr'>Ι</span> <span class='ocrx_word' id='word_1_78' title='bbox 1173 990 1510 1062; x_wconf 83' lang='grc' dir='ltr'><strong><em>Σώκρατες,’</em></strong></span> <span class='ocrx_word' id='word_1_79' title='bbox 1551 994 1677 1062; x_wconf 82' lang='grc' dir='ltr'><strong><em>ἔφη,</em></strong></span> <span class='ocrx_word' id='word_1_80' title='bbox 1719 989 1859 1049; x_wconf 65' lang='grc' dir='ltr'><strong><em>εοὐῡ</em></strong></span> 
     </span>
     <span class='ocr_line' id='line_1_11' title="bbox 121 1077 1807 1153; baseline 0.001 -18"><span class='ocrx_word' id='word_1_81' title='bbox 121 1080 544 1152; x_wconf 75' lang='grc' dir='ltr'><strong><em>καταγνώσομαι</em></strong></span> <span class='ocrx_word' id='word_1_82' title='bbox 582 1085 687 1137; x_wconf 85' lang='grc' dir='ltr'><strong><em>σοῦ</em></strong></span> <span class='ocrx_word' id='word_1_83' title='bbox 721 1079 854 1153; x_wconf 83' lang='grc' dir='ltr'><strong><em>ὅπερ</em></strong></span> <span class='ocrx_word' id='word_1_84' title='bbox 887 1079 1073 1136; x_wconf 74' lang='grc' dir='ltr'><strong><em>ἄλλων</em></strong></span> <span class='ocrx_word' id='word_1_85' title='bbox 1105 1077 1554 1150; x_wconf 84' lang='grc' dir='ltr'><strong><em>καταγιγνώσκω,</em></strong></span> <span class='ocrx_word' id='word_1_86' title='bbox 1596 1077 1680 1134; x_wconf 83' lang='grc' dir='ltr'><strong><em>ὅτι</em></strong></span> <span class='ocrx_word' id='word_1_87' title='bbox 1712 1101 1807 1150; x_wconf 92' lang='grc' dir='ltr'><strong><em>μοι</em></strong></span> 
     </span>
     <span class='ocr_line' id='line_1_12' title="bbox 91 1165 1805 1242; baseline -0.001 -19"><span class='ocrx_word' id='word_1_88' title='bbox 91 1173 516 1242; x_wconf 68' lang='grc' dir='ltr'><strong><em>ὅχαλεπαίνουσι</em></strong></span> <span class='ocrx_word' id='word_1_89' title='bbox 567 1168 660 1223; x_wconf 81' lang='grc' dir='ltr'><strong><em>καὶ</em></strong></span> <span class='ocrx_word' id='word_1_90' title='bbox 712 1172 1082 1240; x_wconf 75' lang='grc' dir='ltr'><strong><em>καταρῶνται,</em></strong></span> <span class='ocrx_word' id='word_1_91' title='bbox 1145 1165 1370 1223; x_wconf 78' lang='grc' dir='ltr'><strong><em>ἐπειδὰν</em></strong></span> <span class='ocrx_word' id='word_1_92' title='bbox 1432 1165 1622 1232; x_wconf 83' lang='grc' dir='ltr'><strong><em>αὐτοῖς</em></strong></span> <span class='ocrx_word' id='word_1_93' title='bbox 1673 1187 1805 1239; x_wconf 89' lang='grc' dir='ltr'><strong><em>παρ-</em></strong></span> 
     </span>
     <span class='ocr_line' id='line_1_13' title="bbox 125 1254 1807 1329; baseline -0.001 -18"><span class='ocrx_word' id='word_1_94' title='bbox 125 1256 368 1327; x_wconf 88' lang='grc' dir='ltr'><strong><em>αγγέλλω</em></strong></span> <span class='ocrx_word' id='word_1_95' title='bbox 407 1261 590 1312; x_wconf 87' lang='grc' dir='ltr'><strong><em>πίνειν</em></strong></span> <span class='ocrx_word' id='word_1_96' title='bbox 628 1257 690 1312; x_wconf 89' lang='grc' dir='ltr'><strong><em>τὸ</em></strong></span> <span class='ocrx_word' id='word_1_97' title='bbox 732 1257 1028 1329; x_wconf 83' lang='grc' dir='ltr'><strong><em>φάρμακον</em></strong></span> <span class='ocrx_word' id='word_1_98' title='bbox 1075 1254 1505 1327; x_wconf 82' lang='grc' dir='ltr'><strong><em>ἀναγκαζόντων</em></strong></span> <span class='ocrx_word' id='word_1_99' title='bbox 1550 1258 1664 1310; x_wconf 81' lang='grc' dir='ltr'><strong><em>τών</em></strong></span> <span class='ocrx_word' id='word_1_100' title='bbox 1711 1254 1807 1328; x_wconf 90' lang='grc' dir='ltr'><strong><em>ἀρ-</em></strong></span> 
     </span>
     <span class='ocr_line' id='line_1_14' title="bbox 123 1342 1803 1418; baseline 0 -19"><span class='ocrx_word' id='word_1_101' title='bbox 123 1344 353 1415; x_wconf 87' lang='grc' dir='ltr'><strong><em>χόντων.</em></strong></span> <span class='ocrx_word' id='word_1_102' title='bbox 429 1344 491 1401; x_wconf 75' lang='grc' dir='ltr'><strong><em>σὲ</em></strong></span> <span class='ocrx_word' id='word_1_103' title='bbox 538 1344 600 1400; x_wconf 76' lang='grc' dir='ltr'><strong><em>δὲ</em></strong></span> <span class='ocrx_word' id='word_1_104' title='bbox 647 1343 752 1416; x_wconf 76' lang='grc' dir='ltr'><strong><em>ἐγώ</em></strong></span> <span class='ocrx_word' id='word_1_105' title='bbox 798 1345 892 1400; x_wconf 86' lang='grc' dir='ltr'><strong><em>καὶ</em></strong></span> <span class='ocrx_word' id='word_1_106' title='bbox 939 1343 1117 1410; x_wconf 72' lang='grc' dir='ltr'><strong><em>ἄλλως</em></strong></span> <span class='ocrx_word' id='word_1_107' title='bbox 1156 1348 1369 1415; x_wconf 81' lang='grc' dir='ltr'><strong><em>ἔγνωκα</em></strong></span> <span class='ocrx_word' id='word_1_108' title='bbox 1414 1345 1473 1398; x_wconf 88' lang='grc' dir='ltr'><strong><em>ἐν</em></strong></span> <span class='ocrx_word' id='word_1_109' title='bbox 1511 1342 1688 1418; x_wconf 78' lang='grc' dir='ltr'><strong><em>τούτῳ</em></strong></span> <span class='ocrx_word' id='word_1_110' title='bbox 1729 1347 1803 1418; x_wconf 78' lang='grc' dir='ltr'><strong><em>τῷ</em></strong></span> 
     </span>
     <span class='ocr_line' id='line_1_15' title="bbox 123 1429 1805 1508; baseline -0.001 -20"><span class='ocrx_word' id='word_1_111' title='bbox 123 1431 307 1508; x_wconf 75' lang='grc' dir='ltr'><strong><em>χρόνῳ</em></strong></span> <span class='ocrx_word' id='word_1_112' title='bbox 346 1432 738 1504; x_wconf 87' lang='grc' dir='ltr'><strong><em>γενναιότατον</em></strong></span> <span class='ocrx_word' id='word_1_113' title='bbox 769 1433 861 1487; x_wconf 84' lang='grc' dir='ltr'><strong><em>καὶ</em></strong></span> <span class='ocrx_word' id='word_1_114' title='bbox 891 1431 1205 1507; x_wconf 79' lang='grc' dir='ltr'><strong><em>πρᾳότατον</em></strong></span> <span class='ocrx_word' id='word_1_115' title='bbox 1236 1432 1329 1488; x_wconf 87' lang='grc' dir='ltr'><strong><em>καὶ</em></strong></span> <span class='ocrx_word' id='word_1_116' title='bbox 1361 1429 1591 1502; x_wconf 77' lang='grc' dir='ltr'><strong><em>ἄριστον</em></strong></span> <span class='ocrx_word' id='word_1_117' title='bbox 1623 1429 1805 1502; x_wconf 81' lang='grc' dir='ltr'><strong><em>ἄνδρα</em></strong></span> 
     </span>
     <span class='ocr_line' id='line_1_16' title="bbox 123 1517 1804 1591; baseline 0 -16"><span class='ocrx_word' id='word_1_118' title='bbox 123 1518 258 1575; x_wconf 79' lang='grc' dir='ltr'><strong><em>ὄντα</em></strong></span> <span class='ocrx_word' id='word_1_119' title='bbox 295 1524 408 1576; x_wconf 78' lang='grc' dir='ltr'><strong><em>τῶν</em></strong></span> <span class='ocrx_word' id='word_1_120' title='bbox 446 1521 662 1577; x_wconf 90' lang='grc' dir='ltr'><strong><em>πώποτε</em></strong></span> <span class='ocrx_word' id='word_1_121' title='bbox 701 1524 868 1591; x_wconf 83' lang='grc' dir='ltr'><strong><em>δεῦρο</em></strong></span> <span class='ocrx_word' id='word_1_122' title='bbox 909 1518 1285 1591; x_wconf 84' lang='grc' dir='ltr'><strong><em>ἀφικομένων,</em></strong></span> <span class='ocrx_word' id='word_1_123' title='bbox 1324 1518 1417 1574; x_wconf 90' lang='grc' dir='ltr'><strong><em>καὶ</em></strong></span> <span class='ocrx_word' id='word_1_124' title='bbox 1457 1517 1526 1588; x_wconf 87' lang='grc' dir='ltr'><strong><em>δὴ</em></strong></span> <span class='ocrx_word' id='word_1_125' title='bbox 1567 1519 1658 1574; x_wconf 88' lang='grc' dir='ltr'><strong><em>καὶ</em></strong></span> <span class='ocrx_word' id='word_1_126' title='bbox 1696 1523 1804 1575; x_wconf 87' lang='grc' dir='ltr'><strong><em>νῦν</em></strong></span> 
     </span>
     <span class='ocr_line' id='line_1_17' title="bbox 123 1602 1803 1680; baseline -0.001 -18"><span class='ocrx_word' id='word_1_127' title='bbox 123 1602 184 1663; x_wconf 84' lang='grc' dir='ltr'><strong><em>εὖ</em></strong></span> <span class='ocrx_word' id='word_1_128' title='bbox 241 1605 349 1664; x_wconf 87' lang='grc' dir='ltr'><strong><em>οἶδ’</em></strong></span> <span class='ocrx_word' id='word_1_129' title='bbox 408 1606 494 1665; x_wconf 81' lang='grc' dir='ltr'><strong><em>ὅτι</em></strong></span> <span class='ocrx_word' id='word_1_130' title='bbox 547 1606 651 1664; x_wconf 84' lang='grc' dir='ltr'><strong><em>οὐκ</em></strong></span> <span class='ocrx_word' id='word_1_131' title='bbox 713 1609 834 1679; x_wconf 83' lang='grc' dir='ltr'><strong><em>ἐμοὶ</em></strong></span> <span class='ocrx_word' id='word_1_132' title='bbox 887 1612 1256 1680; x_wconf 86' lang='grc' dir='ltr'><strong><em>χαλεπαίνεις,</em></strong></span> <span class='ocrx_word' id='word_1_133' title='bbox 1318 1605 1644 1678; x_wconf 88' lang='grc' dir='ltr'><strong><em>γιγνώσκεις</em></strong></span> <span class='ocrx_word' id='word_1_134' title='bbox 1696 1607 1803 1679; x_wconf 81' lang='grc' dir='ltr'><strong><em>γὰρ</em></strong></span> 
     </span>
     <span class='ocr_line' id='line_1_18' title="bbox 121 1688 1804 1767; baseline 0.001 -17"><span class='ocrx_word' id='word_1_135' title='bbox 121 1694 251 1761; x_wconf 80' lang='grc' dir='ltr'><strong><em>τοὺς</em></strong></span> <span class='ocrx_word' id='word_1_136' title='bbox 290 1699 518 1766; x_wconf 82' lang='grc' dir='ltr'><strong><em>αἰτίους,</em></strong></span> <span class='ocrx_word' id='word_1_137' title='bbox 557 1693 697 1752; x_wconf 82' lang='grc' dir='ltr'><strong><em>ἀλλὰ</em></strong></span> <span class='ocrx_word' id='word_1_138' title='bbox 731 1698 974 1762; x_wconf 87' lang='grc' dir='ltr'><strong><em>ἐκείνοις.</em></strong></span> <span class='ocrx_word' id='word_1_139' title='bbox 1042 1699 1169 1766; x_wconf 83' lang='grc' dir='ltr'><strong><em>νῦν,</em></strong></span> <span class='ocrx_word' id='word_1_140' title='bbox 1211 1692 1380 1750; x_wconf 83' lang='grc' dir='ltr'><strong><em>οἶσθα</em></strong></span> <span class='ocrx_word' id='word_1_141' title='bbox 1411 1693 1519 1767; x_wconf 76' lang='grc' dir='ltr'><strong><em>γὰρ</em></strong></span> <span class='ocrx_word' id='word_1_142' title='bbox 1552 1692 1587 1750; x_wconf 71' lang='grc' dir='ltr'><strong><em>οἳ</em></strong></span> <span class='ocrx_word' id='word_1_143' title='bbox 1620 1688 1804 1766; x_wconf 79' lang='grc' dir='ltr'><strong><em>ἦλθον</em></strong></span> 
     </span>
     <span class='ocr_line' id='line_1_19' title="bbox 121 1780 1860 1856; baseline 0.001 -17"><span class='ocrx_word' id='word_1_144' title='bbox 121 1781 428 1854; x_wconf 84' lang='grc' dir='ltr'><strong><em>ἀγγέλλων,</em></strong></span> <span class='ocrx_word' id='word_1_145' title='bbox 475 1784 634 1856; x_wconf 80' lang='grc' dir='ltr'><strong><em>χαῖρέ</em></strong></span> <span class='ocrx_word' id='word_1_146' title='bbox 668 1805 724 1839; x_wconf 87' lang='grc' dir='ltr'><strong><em>τε</em></strong></span> <span class='ocrx_word' id='word_1_147' title='bbox 769 1783 862 1838; x_wconf 88' lang='grc' dir='ltr'><strong><em>καὶ</em></strong></span> <span class='ocrx_word' id='word_1_148' title='bbox 908 1786 1077 1855; x_wconf 78' lang='grc' dir='ltr'><strong><em>πειρῶ</em></strong></span> <span class='ocrx_word' id='word_1_149' title='bbox 1128 1780 1201 1848; x_wconf 76' lang='grc' dir='ltr'><strong><em>ὥς</em></strong></span> <span class='ocrx_word' id='word_1_150' title='bbox 1247 1784 1423 1854; x_wconf 77' lang='grc' dir='ltr'><strong><em>ῥᾷστα</em></strong></span> <span class='ocrx_word' id='word_1_151' title='bbox 1457 1787 1464 1848; x_wconf 92' lang='grc' dir='ltr'>Ι</span> <span class='ocrx_word' id='word_1_152' title='bbox 1500 1783 1691 1853; x_wconf 86' lang='grc' dir='ltr'><strong><em>φέρειν</em></strong></span> <span class='ocrx_word' id='word_1_153' title='bbox 1737 1782 1860 1841; x_wconf 82' lang='grc' dir='ltr'><strong><em>τάΙ)</em></strong></span> 
     </span>
     <span class='ocr_line' id='line_1_20' title="bbox 122 1869 1802 1944; baseline 0.001 -18"><span class='ocrx_word' id='word_1_154' title='bbox 122 1871 425 1942; x_wconf 82' lang='grc' dir='ltr'><strong><em>ἀναγκαῖα.’</em></strong></span> <span class='ocrx_word' id='word_1_155' title='bbox 501 1871 594 1926; x_wconf 85' lang='grc' dir='ltr'><strong><em>καὶ</em></strong></span> <span class='ocrx_word' id='word_1_156' title='bbox 626 1869 738 1942; x_wconf 78' lang='grc' dir='ltr'><strong><em>ἅμα</em></strong></span> <span class='ocrx_word' id='word_1_157' title='bbox 770 1871 1050 1943; x_wconf 86' lang='grc' dir='ltr'><strong><em>δακρύσας</em></strong></span> <span class='ocrx_word' id='word_1_158' title='bbox 1081 1869 1593 1942; x_wconf 84' lang='grc' dir='ltr'><strong><em>μεταστρεφόμενος</em></strong></span> <span class='ocrx_word' id='word_1_159' title='bbox 1624 1869 1802 1944; x_wconf 82' lang='grc' dir='ltr'><strong><em>ἀπῄει.</em></strong></span> 
     </span>
     <span class='ocr_line' id='line_1_21' title="bbox 120 1955 1803 2030; baseline 0.001 -17"><span class='ocrx_word' id='word_1_160' title='bbox 120 1959 212 2013; x_wconf 87' lang='grc' dir='ltr'><strong><em>καὶ</em></strong></span> <span class='ocrx_word' id='word_1_161' title='bbox 267 1956 296 2014; x_wconf 93' lang='lat'>6</span> <span class='ocrx_word' id='word_1_162' title='bbox 356 1957 659 2030; x_wconf 79' lang='grc' dir='ltr'><strong><em>Σωκράτης</em></strong></span> <span class='ocrx_word' id='word_1_163' title='bbox 721 1959 1035 2029; x_wconf 84' lang='grc' dir='ltr'><strong><em>ἀναβλέψας</em></strong></span> <span class='ocrx_word' id='word_1_164' title='bbox 1086 1956 1223 2029; x_wconf 86' lang='grc' dir='ltr'><strong><em>πρὸς</em></strong></span> <span class='ocrx_word' id='word_1_165' title='bbox 1284 1955 1479 2013; x_wconf 86' lang='grc' dir='ltr'><strong><em>αὐτόν·</em></strong></span> <span class='ocrx_word' id='word_1_166' title='bbox 1529 1957 1639 2012; x_wconf 65' lang='lat' dir='ltr'><strong><em>‘mxl</em></strong></span> <span class='ocrx_word' id='word_1_167' title='bbox 1694 1958 1803 2029; x_wconf 84' lang='grc' dir='ltr'><strong><em>σύ,’</em></strong></span> 
     </span>
     <span class='ocr_line' id='line_1_22' title="bbox 123 2044 1803 2118; baseline -0.001 -16"><span class='ocrx_word' id='word_1_168' title='bbox 123 2051 255 2117; x_wconf 80' lang='grc' dir='ltr'><strong><em>ἔφη,</em></strong></span> <span class='ocrx_word' id='word_1_169' title='bbox 310 2047 509 2118; x_wconf 51' lang='grc' dir='ltr'><strong><em>(χαῖρε,</em></strong></span> <span class='ocrx_word' id='word_1_170' title='bbox 561 2046 653 2101; x_wconf 88' lang='grc' dir='ltr'><strong><em>καὶ</em></strong></span> <span class='ocrx_word' id='word_1_171' title='bbox 706 2044 863 2117; x_wconf 80' lang='grc' dir='ltr'><strong><em>ἡμεῖς</em></strong></span> <span class='ocrx_word' id='word_1_172' title='bbox 914 2050 1086 2102; x_wconf 84' lang='grc' dir='ltr'><strong><em>ταῦτα</em></strong></span> <span class='ocrx_word' id='word_1_173' title='bbox 1138 2045 1476 2116; x_wconf 81' lang='grc' dir='ltr'><strong><em>ποιήσομεν.’</em></strong></span> <span class='ocrx_word' id='word_1_174' title='bbox 1551 2046 1645 2100; x_wconf 84' lang='grc' dir='ltr'><strong><em>καὶ</em></strong></span> <span class='ocrx_word' id='word_1_175' title='bbox 1691 2044 1803 2117; x_wconf 81' lang='grc' dir='ltr'><strong><em>ἅμα</em></strong></span> 
     </span>
     <span class='ocr_line' id='line_1_23' title="bbox 121 2130 1802 2206; baseline 0.001 -18"><span class='ocrx_word' id='word_1_176' title='bbox 121 2131 258 2204; x_wconf 89' lang='grc' dir='ltr'><strong><em>πρὸς</em></strong></span> <span class='ocrx_word' id='word_1_177' title='bbox 302 2131 465 2204; x_wconf 77' lang='grc' dir='ltr'><strong><em>ἡμᾶς·</em></strong></span> <span class='ocrx_word' id='word_1_178' title='bbox 507 2130 599 2198; x_wconf 61' lang='grc' dir='ltr'><strong><em>εὡς</em></strong></span> <span class='ocrx_word' id='word_1_179' title='bbox 637 2131 896 2204; x_wconf 81' lang='grc' dir='ltr'><strong><em>ἀστεῖος,’</em></strong></span> <span class='ocrx_word' id='word_1_180' title='bbox 930 2138 1053 2205; x_wconf 82' lang='grc' dir='ltr'><strong><em>ἔφη,</em></strong></span> <span class='ocrx_word' id='word_1_181' title='bbox 1087 2131 1137 2189; x_wconf 73' lang='lat'><strong><em>‘6</em></strong></span> <span class='ocrx_word' id='word_1_182' title='bbox 1171 2131 1491 2205; x_wconf 76' lang='grc' dir='ltr'><strong><em>ἄνθρωπος·</em></strong></span> <span class='ocrx_word' id='word_1_183' title='bbox 1531 2133 1623 2188; x_wconf 87' lang='grc' dir='ltr'><strong><em>καὶ</em></strong></span> <span class='ocrx_word' id='word_1_184' title='bbox 1654 2132 1802 2206; x_wconf 79' lang='grc' dir='ltr'><strong><em>παρὰ</em></strong></span> 
     </span>
     <span class='ocr_line' id='line_1_24' title="bbox 122 2218 1803 2294; baseline -0.001 -18"><span class='ocrx_word' id='word_1_185' title='bbox 122 2221 301 2276; x_wconf 79' lang='grc' dir='ltr'><strong><em>πάντα</em></strong></span> <span class='ocrx_word' id='word_1_186' title='bbox 346 2242 440 2291; x_wconf 90' lang='grc' dir='ltr'><strong><em>μοι</em></strong></span> <span class='ocrx_word' id='word_1_187' title='bbox 485 2218 584 2275; x_wconf 86' lang='grc' dir='ltr'><strong><em>τὸν</em></strong></span> <span class='ocrx_word' id='word_1_188' title='bbox 629 2220 837 2292; x_wconf 88' lang='grc' dir='ltr'><strong><em>χρόνον</em></strong></span> <span class='ocrx_word' id='word_1_189' title='bbox 884 2220 1114 2294; x_wconf 81' lang='grc' dir='ltr'><strong><em>προσῄει</em></strong></span> <span class='ocrx_word' id='word_1_190' title='bbox 1168 2221 1261 2276; x_wconf 84' lang='grc' dir='ltr'><strong><em>καὶ</em></strong></span> <span class='ocrx_word' id='word_1_191' title='bbox 1309 2221 1579 2291; x_wconf 87' lang='grc' dir='ltr'><strong><em>διελέγετο</em></strong></span> <span class='ocrx_word' id='word_1_192' title='bbox 1628 2222 1803 2276; x_wconf 87' lang='grc' dir='ltr'><strong><em>ἐνίοτε</em></strong></span> 
     </span>
     <span class='ocr_line' id='line_1_25' title="bbox 121 2301 1802 2383; baseline 0.001 -20"><span class='ocrx_word' id='word_1_193' title='bbox 121 2309 212 2364; x_wconf 87' lang='grc' dir='ltr'><strong><em>καὶ</em></strong></span> <span class='ocrx_word' id='word_1_194' title='bbox 249 2301 321 2379; x_wconf 84' lang='grc' dir='ltr'><strong><em>ἦν</em></strong></span> <span class='ocrx_word' id='word_1_195' title='bbox 361 2307 587 2379; x_wconf 77' lang='grc' dir='ltr'><strong><em>ἀνδρῶν</em></strong></span> <span class='ocrx_word' id='word_1_196' title='bbox 626 2312 851 2383; x_wconf 79' lang='grc' dir='ltr'><strong><em>λῷστος,</em></strong></span> <span class='ocrx_word' id='word_1_197' title='bbox 890 2309 983 2364; x_wconf 84' lang='grc' dir='ltr'><strong><em>καὶ</em></strong></span> <span class='ocrx_word' id='word_1_198' title='bbox 1020 2312 1128 2364; x_wconf 87' lang='grc' dir='ltr'><strong><em>νῦν</em></strong></span> <span class='ocrx_word' id='word_1_199' title='bbox 1169 2307 1242 2375; x_wconf 80' lang='grc' dir='ltr'><strong><em>ὡς</em></strong></span> <span class='ocrx_word' id='word_1_200' title='bbox 1272 2314 1543 2380; x_wconf 84' lang='grc' dir='ltr'><strong><em>γενναίως</em></strong></span> <span class='ocrx_word' id='word_1_201' title='bbox 1574 2329 1640 2379; x_wconf 91' lang='grc' dir='ltr'><strong><em>με</em></strong></span> <span class='ocrx_word' id='word_1_202' title='bbox 1672 2306 1802 2364; x_wconf 88' lang='grc' dir='ltr'><strong><em>ἀπο-</em></strong></span> 
     </span>
     <span class='ocr_line' id='line_1_26' title="bbox 123 2390 1802 2472; baseline -0.001 -20"><span class='ocrx_word' id='word_1_203' title='bbox 123 2395 364 2469; x_wconf 84' lang='grc' dir='ltr'><strong><em>δακρύει.</em></strong></span> <span class='ocrx_word' id='word_1_204' title='bbox 439 2393 560 2452; x_wconf 89' lang='grc' dir='ltr'><strong><em>ἀλλ’</em></strong></span> <span class='ocrx_word' id='word_1_205' title='bbox 604 2395 703 2468; x_wconf 71' lang='grc' dir='ltr'><strong><em>ἄγε</em></strong></span> <span class='ocrx_word' id='word_1_206' title='bbox 742 2395 838 2468; x_wconf 85' lang='grc' dir='ltr'><strong><em>δή,</em></strong></span> <span class='ocrx_word' id='word_1_207' title='bbox 886 2390 930 2454; x_wconf 75' lang='grc' dir='ltr'><em>ὦ</em></span> <span class='ocrx_word' id='word_1_208' title='bbox 969 2402 1220 2469; x_wconf 89' lang='grc' dir='ltr'><strong><em>Κρίτων,</em></strong></span> <span class='ocrx_word' id='word_1_209' title='bbox 1266 2396 1596 2468; x_wconf 75' lang='grc' dir='ltr'><strong><em>πειθώμεθα</em></strong></span> <span class='ocrx_word' id='word_1_210' title='bbox 1635 2392 1802 2472; x_wconf 76' lang='grc' dir='ltr'><strong><em>αὐτῷ,</em></strong></span> 
     </span>
     <span class='ocr_line' id='line_1_27' title="bbox 121 2483 1804 2558; baseline 0 -20"><span class='ocrx_word' id='word_1_211' title='bbox 121 2484 214 2538; x_wconf 88' lang='grc' dir='ltr'><strong><em>καὶ</em></strong></span> <span class='ocrx_word' id='word_1_212' title='bbox 264 2483 536 2553; x_wconf 79' lang='grc' dir='ltr'><strong><em>ἐνεγκάτω</em></strong></span> <span class='ocrx_word' id='word_1_213' title='bbox 587 2506 668 2549; x_wconf 92' lang='grc' dir='ltr'><strong><em>τις</em></strong></span> <span class='ocrx_word' id='word_1_214' title='bbox 715 2483 778 2540; x_wconf 88' lang='grc' dir='ltr'><strong><em>τὸ</em></strong></span> <span class='ocrx_word' id='word_1_215' title='bbox 831 2483 1151 2557; x_wconf 75' lang='grc' dir='ltr'><strong><em>φάρμακον,</em></strong></span> <span class='ocrx_word' id='word_1_216' title='bbox 1207 2487 1258 2540; x_wconf 83' lang='grc' dir='ltr'><strong><em>εἰ</em></strong></span> <span class='ocrx_word' id='word_1_217' title='bbox 1293 2486 1589 2558; x_wconf 90' lang='grc' dir='ltr'><strong><em>τέτριπται·</em></strong></span> <span class='ocrx_word' id='word_1_218' title='bbox 1647 2486 1698 2539; x_wconf 78' lang='grc' dir='ltr'><strong><em>εἰ</em></strong></span> <span class='ocrx_word' id='word_1_219' title='bbox 1743 2483 1804 2538; x_wconf 76' lang='grc' dir='ltr'><strong><em>δὲ</em></strong></span> 
     </span>
     <span class='ocr_line' id='line_1_28' title="bbox 122 2569 1802 2645; baseline 0 -20"><span class='ocrx_word' id='word_1_220' title='bbox 122 2569 216 2641; x_wconf 89' lang='grc' dir='ltr'><strong><em>μή,</em></strong></span> <span class='ocrx_word' id='word_1_221' title='bbox 239 2570 483 2642; x_wconf 81' lang='grc' dir='ltr'><strong><em>τριψάτω</em></strong></span> <span class='ocrx_word' id='word_1_222' title='bbox 525 2569 554 2627; x_wconf 94' lang='lat'>6</span> <span class='ocrx_word' id='word_1_223' title='bbox 581 2570 913 2644; x_wconf 68' lang='grc' dir='ltr'><strong><em>ἄνθρωπος’</em></strong></span> <span class='ocrx_word' id='word_1_224' title='bbox 971 2573 1064 2628; x_wconf 85' lang='grc' dir='ltr'><strong><em>καὶ</em></strong></span> <span class='ocrx_word' id='word_1_225' title='bbox 1096 2571 1125 2629; x_wconf 93' lang='lat'>6</span> <span class='ocrx_word' id='word_1_226' title='bbox 1159 2578 1406 2645; x_wconf 87' lang='grc' dir='ltr'><strong><em>Κρίτων·</em></strong></span> <span class='ocrx_word' id='word_1_227' title='bbox 1439 2569 1581 2628; x_wconf 68' lang='grc' dir='ltr'><strong><em>εἀλλ’</em></strong></span> <span class='ocrx_word' id='word_1_228' title='bbox 1613 2569 1802 2642; x_wconf 81' lang='grc' dir='ltr'><strong><em>οἷμαι,’</em></strong></span> 
     </span>
     <span class='ocr_line' id='line_1_29' title="bbox 126 2652 1854 2733; baseline -0.001 -20"><span class='ocrx_word' id='word_1_229' title='bbox 126 2658 291 2732; x_wconf 84' lang='grc' dir='ltr'><strong><em>Ιέφη,</em></strong></span> <span class='ocrx_word' id='word_1_230' title='bbox 340 2659 552 2729; x_wconf 64' lang='grc' dir='ltr'><strong><em>εἔγωγε,</em></strong></span> <span class='ocrx_word' id='word_1_231' title='bbox 599 2652 642 2714; x_wconf 80' lang='grc' dir='ltr'><em>ὦ</em></span> <span class='ocrx_word' id='word_1_232' title='bbox 682 2659 999 2733; x_wconf 87' lang='grc' dir='ltr'><strong><em>Σώκρατες,</em></strong></span> <span class='ocrx_word' id='word_1_233' title='bbox 1048 2665 1125 2715; x_wconf 84' lang='grc' dir='ltr'><strong><em>ἔτι</em></strong></span> <span class='ocrx_word' id='word_1_234' title='bbox 1164 2659 1324 2732; x_wconf 79' lang='grc' dir='ltr'><strong><em>ἥλιον</em></strong></span> <span class='ocrx_word' id='word_1_235' title='bbox 1372 2658 1516 2716; x_wconf 79' lang='grc' dir='ltr'><strong><em>εἶναι</em></strong></span> <span class='ocrx_word' id='word_1_236' title='bbox 1564 2659 1651 2715; x_wconf 85' lang='grc' dir='ltr'><strong><em>ἐπὶ</em></strong></span> <span class='ocrx_word' id='word_1_237' title='bbox 1689 2668 1854 2724; x_wconf 81' lang='grc' dir='ltr'><strong><em>τοῖςΕ</em></strong></span> 
     </span>
     <span class='ocr_line' id='line_1_30' title="bbox 123 2744 1802 2820; baseline -0.001 -20"><span class='ocrx_word' id='word_1_238' title='bbox 123 2745 310 2818; x_wconf 76' lang='grc' dir='ltr'><strong><em>ὄρεσιν</em></strong></span> <span class='ocrx_word' id='word_1_239' title='bbox 357 2746 449 2800; x_wconf 82' lang='grc' dir='ltr'><strong><em>καὶ</em></strong></span> <span class='ocrx_word' id='word_1_240' title='bbox 495 2745 647 2802; x_wconf 80' lang='grc' dir='ltr'><strong><em>οὔπω</em></strong></span> <span class='ocrx_word' id='word_1_241' title='bbox 703 2749 1007 2804; x_wconf 89' lang='grc' dir='ltr'><strong><em>δεδυκέναι.</em></strong></span> <span class='ocrx_word' id='word_1_242' title='bbox 1083 2749 1175 2803; x_wconf 89' lang='grc' dir='ltr'><strong><em>καὶ</em></strong></span> <span class='ocrx_word' id='word_1_243' title='bbox 1221 2747 1334 2820; x_wconf 78' lang='grc' dir='ltr'><strong><em>ἅμα</em></strong></span> <span class='ocrx_word' id='word_1_244' title='bbox 1382 2749 1486 2820; x_wconf 77' lang='grc' dir='ltr'><strong><em>ἐγὼ</em></strong></span> <span class='ocrx_word' id='word_1_245' title='bbox 1539 2744 1665 2802; x_wconf 80' lang='grc' dir='ltr'><strong><em>οἴδα</em></strong></span> <span class='ocrx_word' id='word_1_246' title='bbox 1711 2746 1802 2800; x_wconf 83' lang='grc' dir='ltr'><strong><em>καὶ</em></strong></span> 
     </span>
     <span class='ocr_line' id='line_1_31' title="bbox 122 2831 1802 2909; baseline 0.002 -21"><span class='ocrx_word' id='word_1_247' title='bbox 122 2831 326 2898; x_wconf 74' lang='grc' dir='ltr'><strong><em>ἄλλους</em></strong></span> <span class='ocrx_word' id='word_1_248' title='bbox 363 2832 512 2888; x_wconf 85' lang='grc' dir='ltr'><strong><em>πάνυ</em></strong></span> <span class='ocrx_word' id='word_1_249' title='bbox 553 2832 655 2901; x_wconf 74' lang='grc' dir='ltr'><strong><em>ὀψὲ</em></strong></span> <span class='ocrx_word' id='word_1_250' title='bbox 693 2840 978 2905; x_wconf 78' lang='grc' dir='ltr'><strong><em>πίνοντας,</em></strong></span> <span class='ocrx_word' id='word_1_251' title='bbox 1027 2834 1250 2891; x_wconf 80' lang='grc' dir='ltr'><strong><em>ἐπειδὰν</em></strong></span> <span class='ocrx_word' id='word_1_252' title='bbox 1297 2841 1656 2909; x_wconf 80' lang='grc' dir='ltr'><strong><em>παραγγελθῇ</em></strong></span> <span class='ocrx_word' id='word_1_253' title='bbox 1707 2831 1802 2887; x_wconf 78' lang='grc' dir='ltr'><strong><em>αὖ·</em></strong></span> 
     </span>
    </p>
   </div>
  </div>
 </body>
</html>
