2020 3198
276 166 311 218 2
954 165 1291 208 ΠΛΑΤῼΝΟΣ

422 291 519 334 ΣΩ.
559 280 819 350 “Ηντινα;
868 280 969 338 οὐκ
1016 279 1249 352 ἀγεννῆ,
1297 284 1482 352 ἔμοιγε
1528 283 1700 337 δοκεῖ·
1744 278 1807 336 τὸ
1847 278 1955 352 γὰρ

274 371 406 427 νέον
462 367 597 426 ὄντα
649 372 921 426 τοσοῦτον
975 372 1202 442 πρᾶγμα
1257 369 1556 439 ἐγνωκέναι
1610 367 1679 425 οὐ
1733 367 1956 441 φαῦλόν

276 459 441 514 ἐστιν·
483 459 690 524 ἐκεῖνος
733 457 868 531 γάρ,
919 455 994 523 ῶς
1033 473 1231 529 φησιν,
1285 454 1428 526 οἶδε,
1473 460 1599 513 τίνα
1643 456 1853 530 τρόπον
1901 458 1957 513 oc

273 547 393 602 νέοι
433 550 861 619 διαφθείρονται
891 545 984 600 καὶ
1015 550 1160 611 τίνες
1192 548 1250 601 οἱ
1278 549 1704 618 διαφθείροντες
1735 543 1957 612 αὐτούς.

272 634 365 690 καὶ
403 633 720 690 κινδυνεύει
753 634 930 705 σοφός
960 654 1042 700 τις
1081 631 1238 689 εἶναι·
1277 634 1369 689 καὶ
1399 633 1502 704 τὴν
1535 631 1671 705 ἐμὴν
1703 631 1955 705 ἀμαθίαν

272 721 516 779 κατιδών
557 720 631 788 ῶς
670 726 1101 795 διαφθείροντος
1138 721 1270 787 τοὺς
1307 720 1600 799 ἡλικιώτας
1637 720 1831 793 αὐτοῦ,
1870 725 1954 792 ἔρ-

272 833 423 883 χεται
475 810 873 883 κατηγορήσων
928 833 1037 882 μου
1091 809 1166 876 ῶς
1218 811 1357 884 πρὸς
1410 811 1616 884 μητέρα
1668 808 1806 883 πρὸς
1850 809 1955 881 τὴν

272 899 465 955 πόλιν.
495 899 587 954 καὶ
619 903 882 970 φαίνεταί
907 921 1001 970 μοι
1029 902 1144 955 τῶν
1167 902 1464 956 πολιτικῶν
1489 898 1661 971 μόνος
1683 897 1955 971 ἄρχεσθαι

213 993 255 1039 D
274 985 483 1059 ὀρθῶς·
524 986 711 1059 ὀρθῶς
741 986 848 1059 γάρ
875 986 881 1060 Ι
910 988 1023 1042 ἐστι
1052 990 1165 1043 τῶν
1196 988 1340 1043 νέων
1371 991 1592 1060 πρῶτον
1625 989 1955 1058 ἐπιμεληθῆ-

271 1096 385 1146 ναι,
426 1072 573 1140 ὅπως
611 1078 834 1130 ἔσονται
881 1072 967 1130 ὅτι
1013 1073 1257 1147 ἄριστοι,
1298 1073 1480 1148 ῶσπερ
1530 1073 1780 1147 γεωργὸν
1819 1072 1953 1146 άγα-

270 1161 385 1218 θόν
408 1165 521 1219 τῶν
546 1163 691 1218 νέων
717 1164 911 1233 φυτῶν
944 1161 1089 1228 εἰκὸς
1120 1165 1341 1234 πρῶτον
1375 1165 1793 1234 ἐπιμεληθῆναι,
1818 1160 1954 1233 μετὰ

272 1251 335 1308 δὲ
357 1255 522 1308 τοῦτο
549 1252 642 1306 καὶ
666 1253 779 1306 τῶν
805 1248 1013 1305 ἄλλων·
1045 1250 1137 1305 καὶ
1163 1249 1232 1322 δὴ
1258 1251 1349 1306 καὶ
1374 1251 1631 1322 Μέλητος
1653 1257 1784 1316 ἴσως
1807 1253 1952 1322 πρῶ-

227 1352 253 1392 3
271 1361 370 1396 τον
409 1340 509 1411 μὲν
545 1339 552 1413 Ι
579 1337 723 1411 ἡμᾶς
762 1341 1080 1411 ἐκκαθαίρει
1109 1337 1240 1404 τοὺς
1269 1341 1382 1394 τῶν
1412 1342 1557 1394 νέων
1587 1336 1686 1404 τὰς
1714 1337 1953 1409 βλάστας

271 1432 724 1501 διαφθείροντας,
758 1424 832 1491 ῶς
864 1441 1059 1497 φησιν·
1093 1429 1275 1481 ἔπειτα
1306 1424 1440 1496 μετὰ
1470 1428 1635 1482 τοῦτο
1668 1429 1843 1497 δῆλον
1867 1425 1952 1483 ὅτι

268 1519 382 1572 τῶν
421 1514 808 1589 πρεσβυτέρων
848 1514 1195 1584 ἐπιμεληθεὶς
1241 1518 1511 1570 πλείστων
1548 1514 1642 1569 καὶ
1680 1519 1952 1585 μεγίστων

269 1602 505 1674 ἀγαθῶν
552 1610 726 1668 αἴτιος
770 1605 835 1675 τῇ
891 1601 1048 1657 πόλει
1095 1601 1407 1672 γενήσεται,
1462 1600 1537 1668 ῶς
1580 1623 1644 1674 γε
1695 1602 1758 1658 τὸ
1807 1602 1952 1669 εἰκὸς

270 1693 544 1763 ξυμβῆναι
584 1693 642 1747 ἐκ
679 1689 937 1760 τοιαύτης
976 1687 1149 1761 ἀρχῆς
1188 1687 1491 1764 ἀρξαμένῳ.

380 1779 383 1782 ’
417 1781 485 1834 ΙΙ.
524 1786 664 1830 ΕΤΘ.
715 1781 1037 1847 Βουλοίμην
1070 1775 1160 1847 ἄν,
1196 1770 1239 1832 ῶ
1271 1777 1590 1850 Σώκρατες,
1622 1775 1739 1835 ἀλλ’
1774 1777 1948 1852 ὀρρω-

270 1871 368 1938 δῶ,
408 1865 480 1939 μὴ
499 1864 833 1923 τούναντίον
856 1866 1097 1936 γένηται.
1136 1863 1375 1936 ἀτεχνῶς
1405 1865 1511 1938 γάρ
1543 1888 1638 1937 μοι
1669 1870 1826 1923 δοκεῖ
1853 1866 1944 1940 ἀφ’

269 1955 449 2020 ἑστίας
480 1954 751 2027 ἄρχεσθαι
782 1963 1114 2026 κακουργεῖν
1145 1952 1247 2024 τὴν
1286 1953 1469 2024 πόλιν,
1502 1955 1790 2027 ἐπιχειρῶν
1829 1954 1947 2012 ἄδι-

266 2054 385 2099 κεῖν
419 2043 492 2098 σέ.
516 2047 613 2097 καί
640 2064 734 2113 μοι
765 2042 905 2112 λέγε,
936 2046 995 2096 τί
1019 2042 1112 2096 καὶ
1136 2042 1407 2098 ποιοῦντά
1432 2043 1497 2099 σε’
1523 2058 1662 2115 φησι
1692 2046 1947 2114 διαφθεί-

236 2121 387 2202 ’ρειν
426 2127 557 2194 τοὺς
593 2131 781 2195 νέους;

217 2226 251 2269 Β
416 2226 512 2270 ΣΩ.
571 2215 823 2289 Ι’Ἀτοπα,
872 2211 916 2272 ῶ
955 2217 1262 2287 θαυμάσιε,
1310 2216 1385 2283 ῶς
1424 2216 1569 2275 οὕτω
1607 2216 1654 2289 γ’
1696 2215 1945 2276 ἀκοῦσαι.

266 2305 405 2377 φησὶ
442 2304 549 2377 γάρ
582 2326 647 2375 με
678 2303 912 2375 ποιητὴν
945 2303 1086 2360 εἶναι
1117 2309 1289 2376 θεῶν,
1328 2307 1420 2361 καὶ
1459 2304 1533 2372 ῶς
1562 2306 1791 2372 καινοὺς
1827 2325 1945 2363 ποι-

267 2397 439 2449 οῦντα
470 2391 659 2462 θεούς,
692 2390 823 2456 τοὺς
855 2390 903 2447 δ’
941 2390 1208 2463 ἀρχαίους
1233 2390 1300 2447 οὐ
1323 2397 1635 2465 νομίζοντα,
1668 2396 1944 2467 ἐγράψατο

264 2480 479 2536 τούτων
520 2477 707 2536 αὐτῶν
747 2480 924 2550 ἕνεκα,
965 2478 1040 2544 ῶς
1078 2495 1266 2551 φησιν.

411 2576 552 2621 ΕΤΘ.
610 2569 927 2637 Μανθάνω,
969 2561 1012 2623 ῶ
1045 2567 1363 2640 Σώκρατες·
1403 2567 1487 2624 ὅτι
1520 2568 1589 2640 δὴ
1623 2568 1694 2625 σὺ
1723 2567 1787 2626 τὸ
1827 2573 1942 2626 δαι-

264 2654 464 2726 μόνιον
505 2653 614 2726 φῂς
646 2659 827 2729 σαυτῷ
862 2655 1118 2712 ἑκάστοτε
1156 2661 1470 2726 γίγνεσθαι.
1511 2655 1584 2722 ὡς
1623 2651 1728 2713 οὖν
1757 2679 1942 2714 καινο-

263 2744 565 2812 τομοῦντός
590 2759 693 2798 σου
717 2743 840 2814 περὶ
863 2742 930 2799 τὰ
956 2751 1088 2799 θεῖα
1112 2744 1411 2815 γέγραπται
1441 2744 1650 2815 ταύτην
1680 2744 1783 2816 τὴν
1812 2768 1942 2819 γρα-

261 2830 397 2901 φήν,
435 2830 528 2885 καὶ
568 2828 642 2896 ὥς
681 2834 964 2901 διαβαλῶν
999 2830 1066 2902 δὴ
1102 2835 1313 2903 ἔρχεται
1352 2835 1430 2896 εἰς
1466 2830 1528 2887 τὸ
1570 2835 1941 2906 δικαστήριον,
