2020 3198
806 151 1042 195 ΚΡΙΤΩΝ.
1697 149 1764 202 79

80 287 194 322 των
232 267 496 341 τεκμήριά
538 270 711 338 ἐστιν,
752 265 838 323 ὅτι
878 283 969 322 σοι
1007 268 1100 322 καὶ
1138 265 1293 338 ἡμεῖς
1331 266 1635 340 ήρέσκομεν
1672 267 1767 322 καὶ

29 405 40 408 -
82 351 117 424 ἡ
157 353 337 420 πόλις·
378 354 446 410 οὐ
484 354 592 428 γὰρ
625 354 698 411 ἄν
729 374 859 411 ποτε
888 358 1002 411 τῶν
1034 354 1221 411 ἄλλων
1248 354 1562 426 Ἀθηναίων
1594 352 1766 410 ἁπάν-

82 463 196 496 των
236 441 615 514 διαφερόντως
653 445 714 499 ἐν
754 440 894 515 αὐτῇ
937 443 1246 514 ἐπεδήμεις,
1298 446 1348 498 εἰ
1392 445 1466 515 μή
1513 459 1602 499 σοι
1649 446 1766 498 δια-

84 528 369 602 φερόντως
413 529 668 602 ἤρεσκεν,
722 531 814 586 καὶ
862 528 979 586 οὔτ’
1025 531 1111 586 ἐπὶ
1157 536 1404 603 θεωρίαν
1451 528 1657 586 πώποτ’
1709 533 1768 586 ἐκ

83 620 181 687 τῆς
219 616 430 683 πόλεως
470 619 695 690 ἐξῆλθες
729 623 768 688 [,
801 617 886 675 ὅτι
925 617 999 690 μὴ
1041 616 1182 685 ἅπαξ
1221 622 1300 684 εἰς
1324 617 1597 690 Ἰσθμόν,]
1641 617 1768 674 οὔτε

85 704 284 761 ἄλλοσε
340 704 644 777 οὐδαμόσε,
700 710 750 762 εἰ
803 705 877 778 μή
933 726 1028 762 ποι
1082 706 1576 779 στρατευσόμενος,
1640 704 1768 761 οὔτε

85 791 260 863 ἄλλην
311 791 628 864 ἀποδημίαν
684 793 923 866 ἐποιήσω
978 793 1220 864 πώποτε,
1275 792 1457 867 ὥσπερ
1506 797 1564 850 οἱ
1606 792 1769 849 ἄλλοι

84 879 395 953 ἅνθρωποι,
421 880 545 937 οὐδ’
584 885 851 954 ἐπιθυμία
882 898 943 937 σε
974 880 1144 953 ἄλλης
1174 881 1385 948 πόλεως
1418 881 1550 938 οὐδὲ
1579 882 1768 937 ἄλλων

84 968 277 1040 νόμων
323 972 518 1040 ἔλαβεν
564 973 797 1042 εἰδέναι,
854 969 995 1026 ἀλλὰ
1052 968 1205 1042 ἡμεῖς
1259 987 1349 1026 σοι
1400 969 1583 1026 ἱκανοὶ
1627 963 1768 1041 ἦμεν

83 1058 176 1112 καὶ
213 1055 248 1127 ἡ
286 1054 523 1129 ἡμετέρα
561 1056 926 1124 πόλις·ὀὕτω
962 1061 969 1130 Ι
1005 1059 1226 1131 σφόδρα
1271 1055 1416 1129 ’ἡμᾶς
1460 1056 1629 1130 ᾑροῦ,
1675 1056 1819 1120 nalo

86 1143 386 1216 ὡμολόγεις
423 1144 555 1201 καθ’
598 1144 741 1217 ἡμᾶς
786 1146 1237 1217 πολιτεύσεσθαι,
1283 1146 1350 1200 τά
1395 1167 1452 1201 τε
1498 1144 1640 1200 ἄλλα
1676 1146 1770 1201 καὶ

85 1237 286 1299 παῖδας
325 1235 385 1289 ἐν
425 1232 563 1306 αὐτῇ
605 1234 870 1305 ἐποιήσω,
919 1233 992 1301 ὡς
1030 1233 1373 1305 ἀρεσκούσης
1411 1250 1500 1290 σοι
1537 1237 1634 1305 τῆς
1671 1233 1770 1289 πό-

86 1328 236 1388 λεως.
313 1325 391 1377 ἔτι
444 1326 639 1378 τοίνυν
685 1325 747 1378 ἐν
794 1322 932 1396 αὐτῇ
979 1326 1044 1396 τῇ
1093 1327 1217 1396 δίκῃ
1265 1325 1391 1394 ἐξῆν
1446 1338 1537 1378 σοι
1590 1325 1771 1393 φυγῆς

86 1411 450 1481 τιμήσασθαι,
498 1413 550 1466 εί
594 1410 856 1482 ἐβούλου,
909 1411 1002 1466 καὶ
1049 1409 1183 1484 ὅπερ
1230 1414 1340 1466 νῦν
1385 1409 1630 1481 ἀκούσης
1673 1414 1770 1481 τῆς

86 1497 297 1564 πόλεως
335 1501 646 1572 ἐπιχειρεῖς,
684 1498 808 1555 τότε
847 1498 1082 1570 ἑκούσης
1119 1502 1361 1570 ποιῆσαι.
1438 1499 1508 1554 σὺ
1548 1499 1610 1555 δὲ
1646 1498 1771 1554 τότε

87 1586 188 1657 μὲν
228 1588 596 1654 ἐκαλλωπίζου
634 1585 709 1653 ὥς
748 1586 848 1643 οὐκ
884 1586 1229 1659 ἀγανακτῶν,
1269 1592 1320 1644 εἰ
1350 1589 1468 1644 δέοι
1497 1586 1770 1643 τεθνάναι

89 1690 168 1745 σε,
208 1673 347 1731 ἀλλὰ
385 1674 548 1749 ᾑροῦ,
588 1673 662 1741 οὖς
700 1680 947 1747 ἔφησθα,
993 1677 1099 1749 πρὸ
1139 1679 1236 1747 τῆς
1274 1679 1456 1747 φυγῆς
1493 1675 1769 1731 θάνατον·

87 1765 196 1818 νῦν
228 1763 292 1819 δὲ
322 1763 440 1819 οὔτ’
478 1766 723 1830 ἐκείνους
752 1762 884 1829 τοὺς
913 1763 1115 1835 λόγους
1147 1764 1415 1835 αἰσχύνει,
1453 1762 1581 1819 οὔτε
1609 1760 1769 1834 ἡμῶν

87 1854 200 1907 τῶν
237 1850 428 1923 νόμων
468 1853 738 1924 ἐντρέπει,
790 1853 1080 1924 ἐπιχειρῶν
1127 1856 1479 1925 διαφθεῖραι,
1518 1850 1771 1923 πράττεις

7 1975 9 1977 -
94 1939 183 2012 Ιτε
222 1937 359 2012 ἅπερ
399 1937 472 1995 ἂν
512 1943 715 2005 δοῦλος
753 1939 1099 2011 φαυλότατος
1143 1940 1425 2013 πράξειεν,
1472 1937 1769 2011 ἀποδιδρά-
1786 1952 1827 1999 Ι)

91 2042 243 2082 σκειν
284 2029 572 2098 ἐπιχειρῶν
617 2026 764 2098 παρὰ
810 2026 908 2093 τὰς
954 2027 1234 2099 ξυνθήκας
1282 2050 1339 2083 τε
1376 2029 1469 2083 καὶ
1506 2025 1603 2092 τὰς
1642 2024 1768 2098 ὁμο-

0 2191 1 2195 ,
90 2119 296 2186 λογίας,
334 2113 467 2169 καθ’
510 2112 577 2181 ἂς
614 2113 748 2186 ἡμῖν
788 2117 1029 2182 ξυνέθου
1066 2115 1471 2172 πολιτεύεσθαι.
1547 2118 1769 2185 πρῶτον

91 2203 193 2275 μὲν
233 2195 338 2259 οὖν
377 2201 510 2274 ἡμῖν
549 2202 698 2259 τοῦτ’
744 2202 878 2259 αὐτὸ
920 2202 1242 2277 ἀπόκριναι,
1289 2208 1339 2260 εἰ
1383 2203 1568 2275 ἀληθῆ
1616 2205 1770 2274 λέγο-

0 2342 5 2346 ,
90 2313 191 2362 μεν
253 2290 560 2363 φάσκοντές
614 2307 674 2346 σε
721 2289 1134 2363 ὡμολογηκέναι
1186 2292 1576 2348 πολιτεύεσθαι
1631 2289 1764 2347 καθ’

90 2378 234 2451 ἡμᾶς
273 2384 441 2456 ἔργῳ,
482 2378 603 2435 ἀλλ’
649 2379 717 2436 οὐ
756 2379 930 2456 λόγῳ,
968 2378 1003 2451 ἢ
1046 2380 1146 2436 οὐκ
1187 2380 1408 2452 ἀληθῆ.’
1483 2386 1541 2435 τί
1575 2383 1768 2451 φῶμεν

1 2464 27 2523 ’.
89 2467 227 2539 πρὸς
263 2473 453 2539 ταῦτα,
494 2462 538 2525 ὦ
578 2472 831 2541 Κρίτων;
873 2468 1006 2523 ἄλλο
1046 2490 1098 2523 τι
1136 2466 1171 2540 ἢ
1213 2467 1599 2541 ὁμολογῶμεν;

237 2567 327 2609 KP.
384 2555 639 2628 Ἀνάγκη,
679 2550 723 2612 ὦ
763 2555 1069 2629 Σώκρατες.

238 2653 334 2695 ΣΩ.
397 2643 581 2700 ΨΑλλο
619 2665 673 2700 τι
713 2638 863 2715 οὖν,’
911 2642 983 2700 ἂν
1023 2656 1213 2716 φαῖεν,
1262 2642 1315 2717 ἢ
1355 2646 1634 2717 ξυνθήκας
1672 2645 1769 2711 τὰς

89 2733 227 2805 πρὸς
278 2730 422 2804 ἡμᾶς
474 2731 677 2797 αὐτοὺς
727 2733 821 2788 καὶ
875 2730 1170 2804 ὁμολογίας
1222 2739 1605 2807 παραβαίνεις,
1669 2733 1768 2805 οὐχ

3 2831 36 2919 ’ἕ

2 2951 37 3010 Ῡΐέἑ

2 3025 66 3198 ᾖ

88 2819 199 2877 ὑπὸ
234 2821 243 2894 Ι
277 2819 521 2891 ἀνάγκης
575 2817 923 2891 ὁμολογήσας
976 2819 1109 2876 οὐδὲ
1163 2820 1467 2893 ἀπατηθεὶς
1521 2821 1654 2877 οὐδὲ
1708 2824 1820 2878 ἐνΕ
