2020 3198
92 184 113 224 1
120 185 141 224 1
756 180 1097 223 ΚΡΑΤΤΑΟΣ.
1670 177 1697 228 1
1705 176 1775 229 85

239 297 410 351 EPM.
473 300 602 353 Ναί.

243 385 358 439 ΣΩ.
421 385 532 439 Καὶ
578 384 701 456 περὶ
745 393 857 438 τῶν
903 386 1085 438 ἄλλων
1133 385 1200 454 δὴ
1249 384 1502 455 ὀργάνων
1542 384 1571 438 ὁ
1612 383 1775 447 αὐτὸς

89 475 312 543 τρόπος·
360 475 421 527 τὸ
470 475 636 543 φύσει
675 472 879 545 ἑκάστῳ
919 474 1164 542 πεφυκὸς
1203 474 1445 543 ὄργανον
1485 472 1775 543 ἐξευρόντα

92 563 180 615 δεῖ
232 562 541 615 ἀποδοῦναι
586 564 663 625 εἰς
710 561 916 629 έκεῖνο,
974 561 1027 626 ἐξ
1075 557 1142 614 οὗ
1190 559 1259 614 ἂν
1305 567 1435 630 ποιῇ
1481 562 1543 613 τὸ
1591 562 1774 631 ἔργον,

92 650 192 719 οὐχ
241 643 362 704 οἷον
410 649 479 703 ἂν
526 650 691 713 αὐτὸς
728 652 1008 720 βουληθῇ,
1066 647 1183 702 ἀλλ’
1237 642 1359 702 οἷον
1404 647 1628 718 πέφυκε.
1712 650 1774 701 τὸ

93 739 259 807 φύσει
303 740 408 808 γὰρ
457 736 688 811 ἑκάστῳ,
744 738 817 800 ὡς
866 739 1033 806 ἔοικε,
1080 738 1363 807 τρύπανον
1408 737 1654 806 πεφυκὸς
1699 738 1777 800 εἰς

92 827 192 879 τὸν
233 827 464 896 σίδηρον
505 827 593 879 δεῖ
627 825 957 879 ἐπίστασθαι
994 825 1226 879 τιθέναι.

241 913 406 966 ΕΡΜ.
469 913 633 966 Πάνυ
670 933 747 981 γε.

242 1000 359 1054 Σῼ.
421 999 531 1054 Καὶ
576 1002 678 1070 τὴν
725 1001 891 1070 φύσει
935 1001 1159 1071 κερκίδα
1210 998 1414 1072 ἑκάστῳ
1461 1008 1776 1069 πεφυκυῖαν

97 1090 176 1152 εἰς
214 1087 395 1154 ξύλον.

243 1175 410 1228 ΕΡΜ.
457 1175 612 1229 ’Ἐστι
648 1184 832 1229 ταῦτα.

246 1261 361 1315 ΣΩ.
430 1264 602 1317 Φύσει
639 1265 744 1334 γὰρ
776 1259 848 1332 ἦν
882 1262 889 1335 Ι
925 1261 1130 1336 ἑκάστῳ
1163 1264 1298 1316 εἴδει
1327 1263 1666 1333 ὑφάσματος,
1707 1263 1780 1327 ὡς
1810 1271 1850 1315 D

58 1403 62 1406 .
96 1354 291 1419 ἔοικεν,
336 1349 531 1420 ἑκάστη
570 1355 768 1422 κερκίς,
807 1350 898 1405 καὶ
935 1348 1104 1405 τᾶλλα
1144 1352 1330 1415 ούτως.

245 1439 412 1491 ΕΡΜ.
474 1442 604 1492 Ναί.

247 1526 363 1580 ΣΩ.
416 1519 530 1597 Αρ’
574 1523 702 1596 οὖν,
751 1524 793 1581 ὦ
833 1526 1101 1596 βέλτιστε,
1147 1525 1238 1580 καὶ
1275 1528 1337 1580 τὸ
1378 1526 1583 1600 ἑκάστῳ
1617 1527 1782 1596 φύσει

97 1616 342 1684 πεφυκὸς
381 1616 554 1684 ὄνομα
591 1617 690 1669 τὸν
727 1614 1042 1685 νομοθέτην
1082 1614 1294 1668 ἐκεῖνον
1334 1617 1412 1679 εἰς
1441 1618 1571 1678 τοὺς
1603 1617 1783 1684 φθόγ-

99 1723 233 1771 γους
285 1700 376 1755 καὶ
428 1703 524 1765 τὰς
583 1705 859 1771 συλλαβὰς
907 1705 993 1757 δεῖ
1036 1702 1363 1756 ἐπίστασθαι
1407 1702 1644 1770 τιθέναι,
1690 1701 1779 1755 καὶ

99 1789 547 1859 βλέπονταπρὸς
586 1790 719 1843 αὐτὸ
761 1790 965 1858 ἐκεῖνο,
1014 1790 1043 1843 ὃ
1083 1792 1231 1843 ἔστιν
1271 1791 1463 1859 ὄνομα,
1502 1790 1680 1843 πάντα
1716 1791 1783 1842 τὰ

99 1878 342 1948 ὀνόματα
380 1887 559 1930 ποιεῖν
597 1896 655 1930 τε
686 1876 777 1931 καὶ
807 1880 1086 1945 τίθεσθαι,
1129 1879 1180 1930 εἰ
1208 1876 1391 1946 μέλλει
1420 1878 1611 1947 κύριος
1641 1873 1784 1930 εἶναι

102 1965 388 2034 ὀνομάτων
442 1964 632 2033 θέτης;
689 1967 741 2018 εἰ
793 1963 853 2019 δὲ
908 1966 979 2034 μὴ
1028 1967 1107 2028 είς
1150 1966 1247 2027 τὰς
1293 1965 1461 2027 αὐτὰς
1508 1966 1783 2033 συλλαβὰς

102 2053 326 2115 ἕκαστος
372 2052 401 2105 ὁ
441 2051 749 2121 νομοθέτης
786 2056 1038 2123 τίθησιν,
1086 2050 1253 2106 οὐδὲν
1294 2054 1383 2105 δεῖ
1414 2060 1577 2106 τοῦτο
1618 2052 1783 2121 ἀμφι-

103 2150 316 2208 γνοεῖν·
363 2136 494 2192 οὐδὲ
539 2141 644 2209 γὰρ
692 2142 770 2203 εἰς
814 2142 913 2194 τὸν
962 2141 1132 2194 αὐτὸν
1167 2139 1173 2211 Ι
1209 2141 1442 2210 σίδηρον
1482 2140 1620 2202 ἅπας
1657 2144 1783 2208 χαλ-
1814 2146 1851 2190 Ε

103 2230 230 2290 κεὺς
260 2229 503 2295 τίθησιν,
534 2234 635 2279 τοῦ
667 2227 838 2280 αὐτοῦ
869 2227 1027 2281 ἕνεκα
1057 2236 1232 2281 ποιῶν
1263 2228 1324 2279 τὸ
1359 2227 1491 2280 αὐτὸ
1519 2228 1783 2297 ὄργανον·

104 2314 222 2368 ἀλλ’
268 2315 430 2384 ὅμως,
470 2313 623 2376 ἕως
603 2315 671 2367 άν
705 2316 808 2383 τὴν
841 2316 1013 2384 αὐτὴν
1047 2314 1200 2369 ἰδέαν
1233 2315 1497 2387 ἀποδιδῷ,
1538 2313 1692 2367 ἐάντε
1724 2313 1783 2367 ἐν

104 2404 250 2475 άλλῳ
287 2401 294 2473 Ι
330 2403 565 2474 σιδηρῳ,
614 2402 759 2471 ὅμως
805 2403 989 2473 ὀρθῶς
1043 2405 1151 2472 ἔχει
1195 2404 1257 2456 τὸ
1305 2404 1572 2472 ὄργανον,
1627 2401 1781 2455 ἐάντε
1814 2405 1901 2446 390

106 2488 306 2542 ἐνθάδε
347 2489 499 2542 ἐάντε
539 2488 599 2542 ἐν
637 2491 936 2561 βαρβάροις
974 2510 1055 2554 τις
1093 2509 1237 2561 ποιη.
1314 2487 1347 2559 ἦ
1387 2491 1516 2560 γάρς

250 2577 414 2629 ΕΡΜ.
491 2578 653 2629 Πάνυ
690 2597 766 2645 γε.

254 2661 370 2715 ΣΩ.
452 2664 672 2717 Οὐκοῦν
711 2664 885 2728 οὕτως
923 2664 1169 2729 ἀξιώσεις
1205 2663 1298 2719 καὶ
1334 2666 1433 2718 τὸν
1469 2662 1783 2733 νομοθέτην

107 2752 205 2803 τόν
250 2769 307 2803 τε
347 2749 548 2803 ἐνθάδε
586 2750 677 2804 καὶ
714 2753 811 2805 τὸν
850 2752 910 2805 ἐν
948 2763 1064 2816 τοῖς
1101 2754 1424 2823 βαρβάροις,
1473 2751 1572 2814 ἕως
1611 2751 1680 2803 ἂν
1720 2752 1781 2804 τὸ

107 2845 207 2891 τοῦ
254 2837 520 2905 ὀνόματος
566 2834 711 2901 εἶδος
757 2839 1000 2911 ἀποδιδῷ
1047 2841 1108 2893 τὸ
1155 2847 1435 2909 προσῆκον
1478 2838 1682 2909 ἑκάστῳ
1723 2837 1783 2890 έν

0 1600 40 1628 β
