2020 3198
218 153 328 206 152
712 159 714 161 >
885 150 1224 194 ΠΛΑΤΩΝΟΣ

213 273 511 341 γίγνεσθαι
539 268 634 324 καὶ
665 269 724 324 ἐκ
753 270 855 324 τοῦ
887 271 1135 339 μείζονος
1163 266 1226 322 τό
1261 271 1504 338 ἔλαττον,
1536 267 1629 323 καὶ
1662 265 1902 340 ἀτεχνῶς

214 355 354 428 αὕτη
395 354 539 413 εἶναι
577 354 611 427 ἡ
644 357 859 428 γένεσις
887 366 1003 421 τοῖς
1041 357 1332 426 ἐναντίοις,
1371 357 1431 412 ἐκ
1460 357 1573 411 τῶν
1605 357 1902 422 ἐναντίων;

213 448 322 502 νῦν
370 445 436 500 δέ
477 466 573 516 μοι
625 448 780 500 δοκεῖ
823 444 1108 514 λέγεσθαι,
1158 441 1243 499 ὅτι
1294 446 1460 499 τοῦτο
1509 442 1612 500 οὐκ
1657 442 1728 499 ἄν
1773 463 1905 500 ποτε

213 534 466 604 γένοιτο.’
550 532 643 588 καὶ
690 529 720 588 ὁ
770 531 1073 605 Σωκράτης
1117 530 1455 605 παραβαλών
1506 531 1610 600 τὴν
1654 530 1904 603 κεφαλὴν

159 621 307 677 Βκαὶ
346 619 612 686 ἀκούσας·
660 619 993 693 “ἆνὸρικοὸς,’
1041 623 1166 691 ἔφη,
1209 626 1216 688 Ι
1259 617 1794 692 (ἀπεμνημόνευκας,
1834 618 1903 676 οὐ

214 710 405 782 μέντοι
430 710 641 775 ἐννοεῖς
663 707 725 764 τό
753 709 1024 781 διαφέρον
1048 711 1150 763 τοῦ
1173 704 1230 764 τε
1246 711 1356 764 νῦν
1373 709 1675 780 λεγομένου
1689 707 1781 764 καὶ
1803 710 1904 764 τοῦ

213 796 352 854 τότε.
388 798 510 853 τότε
527 796 628 868 μὲν
651 795 759 869 γὰρ
787 797 998 867 ἐλέγετο
1025 798 1084 851 ἐκ
1106 799 1208 852 τοῦ
1227 798 1484 852 ἐναντίου
1507 795 1826 868 πράγματος
1841 795 1902 852 τὸ

216 887 475 942 ἐναντίον
498 886 722 957 πρᾶγμα
746 889 1060 956 γίγνεσθαι,
1076 887 1183 940 νῦν
1209 885 1288 954 δέ,
1307 881 1391 940 ὅτι
1415 882 1549 940 αὐτὸ
1567 883 1629 941 τὸ
1649 886 1905 940 ἐναντίον

215 974 393 1048 ἑαυτῷ
409 974 665 1029 ἐναντίον
684 970 787 1027 οὐκ
804 971 875 1028 ἄν
891 990 1022 1028 ποτε
1038 973 1275 1043 γένοιτο,
1303 970 1429 1028 οὔτε
1451 971 1514 1028 τὸ
1541 974 1601 1028 ἐν
1625 970 1759 1044 ἡμῖν
1778 970 1905 1028 οὔτε

214 1060 277 1117 τὸ
305 1063 365 1118 ἐν
389 1063 455 1134 τῇ
481 1060 662 1133 φύσει.
709 1059 832 1116 τότε
856 1059 957 1131 μὲν
981 1059 1108 1134 γάρ,
1135 1054 1178 1117 ὦ
1207 1065 1352 1132 φίλε,
1379 1061 1503 1133 περὶ
1526 1064 1637 1117 τῶν
1662 1059 1904 1132 ἐχόντων

214 1148 281 1206 τὰ
324 1151 550 1205 ἐναντία
589 1150 866 1220 ἐλέγομεν,
915 1147 1345 1220 ἐπονομάζοντες
1392 1147 1531 1205 αὐτὰ
1570 1152 1636 1222 τῇ
1678 1150 1905 1204 ἐκείνων

217 1239 529 1311 ἐπωνυμίᾳ,
576 1240 684 1293 νῦν
733 1236 796 1292 δὲ
840 1237 965 1309 περὶ
1013 1238 1240 1293 ἐκείνων
1280 1235 1492 1309 αὐτῶν,
1539 1230 1619 1293 ὦν
1660 1235 1903 1293 ἐνόντων

218 1329 327 1398 ἔχει
364 1324 467 1396 τὴν
500 1327 821 1396 ἐπωνυμίαν
866 1324 933 1380 τὰ
984 1323 1386 1397 ὀνομαζόμενα·
1432 1323 1572 1382 αὐτὰ
1621 1323 1672 1381 δ’
1725 1327 1905 1382 ἐκεῖνα

156 1421 192 1467 0
219 1412 322 1469 οὐκ
361 1411 432 1469 ἅν
471 1414 607 1469 ποτέ
643 1434 825 1484 φαμεν
859 1419 867 1482 Ι
903 1415 1165 1484 ἐθελῆσαι
1203 1413 1423 1483 γένεσιν
1455 1411 1713 1484 ἀλλήλων
1754 1414 1906 1479 δέξα-

217 1503 389 1558 σθαι.’
467 1501 560 1557 καὶ
600 1499 712 1572 ἅμα
751 1501 958 1571 βλέψας
995 1499 1134 1573 πρὸς
1171 1499 1271 1556 τὸν
1304 1502 1527 1572 Κέβητα
1566 1502 1735 1558 εἶπεν·
1777 1494 1905 1574 ξἑῖροι

217 1588 292 1662 μή
333 1607 460 1660 που,
509 1582 552 1645 ὦ
600 1589 822 1659 Κέβης,’
871 1593 996 1659 ἔφη,
1038 1588 1149 1644 (καὶ
1189 1590 1253 1644 σέ
1287 1610 1339 1644 τι
1383 1588 1598 1646 τούτων
1645 1589 1904 1661 ἐτάραξεν

218 1670 300 1734 ὧν
341 1676 437 1734 ὅδε
477 1674 674 1744 εἷπεν;’
714 1674 858 1732 “οὐδ’
903 1670 1019 1746 αὗ,’
1061 1680 1168 1747 ἔφη
1216 1673 1245 1731 ὁ
1293 1676 1494 1748 Κέβης,
1542 1675 1738 1742 “οῧτως
1777 1681 1904 1749 ἔχω·

216 1769 398 1821 καίτοι
437 1762 562 1820 οὔτι
599 1765 740 1834 λέγω
781 1762 855 1829 ὡς
894 1763 964 1820 οὐ
1001 1763 1178 1820 πολλοί
1212 1786 1278 1835 με
1308 1764 1594 1838 ταράττει.’
1634 1767 1904 1836 εσυνωμο-

216 1853 533 1926 λογήκαμεν
566 1851 713 1925 ἄρα,’
746 1845 780 1924 ἦ
807 1851 859 1908 δ’
894 1850 923 1871 ”
996 1850 1044 1878 “

890 1875 969 1923 ος,
1014 1855 1202 1917 απλῶς
1224 1855 1407 1924 τοῦτο,
1441 1853 1711 1924 μηδέποτε
1747 1855 1904 1909 ἐναν-

218 1945 339 1997 τίον
379 1942 555 2016 ἑαυτῷ
595 1939 657 1996 τὸ
699 1942 956 1996 ἐναντίον
997 1941 1256 1996 ἕσεσθαι.’
1336 1939 1741 2011 “παντάπασιν,’
1782 1944 1903 2012 ἔφη.

364 2032 478 2087 LII.
554 2027 690 2084 ‘'‘Eu
724 2028 794 2100 δή
826 2050 921 2100 μοι
951 2029 1044 2084 καὶ
1081 2028 1210 2084 τόδε
1242 2029 1475 2100 σκέψαι,’
1517 2032 1648 2100 ἔφη,
1689 2031 1759 2085 εεί
1795 2028 1903 2102 ἄρα

218 2115 704 2188 συνομολογήσεις.
751 2115 968 2189 θερμόν
993 2136 1045 2170 τι
1067 2121 1250 2181 καλεῖς
1274 2115 1365 2171 καὶ
1390 2115 1607 2188 ψυχρόν
1619 2118 1652 2182 ;’
1679 2118 1903 2189 “ἐ’γωγε.’

157 2198 328 2277 Β“ἇρ’
367 2203 501 2277 ὅπερ
534 2204 697 2277 χιόνα
727 2204 820 2260 καὶ
850 2204 1008 2275 πῦρ;’
1057 2202 1150 2273 εμὰ
1185 2201 1302 2274 Δί’,
1344 2201 1444 2259 οὐκ
1478 2205 1486 2275 Ι
1521 2206 1724 2275 ἔγωγε.’
1758 2203 1900 2261 ‘om'

218 2292 411 2365 ἔτερόν
449 2315 502 2348 τι
547 2292 722 2363 πυρὸς
759 2291 823 2348 τὸ
869 2291 1086 2364 θερμὸν
1132 2292 1224 2347 καὶ
1273 2291 1462 2364 ἕτερόν
1506 2313 1560 2347 τι
1605 2291 1794 2364 χιόνος
1839 2290 1902 2348 τὸ

217 2379 483 2453 ψυχρόν;’
525 2381 672 2435 “ναί.’
750 2378 910 2435 “ἆλλὰ
941 2379 1070 2435 τόδε
1101 2377 1176 2449 γ’,
1218 2377 1389 2450 οἶμαι,
1423 2382 1580 2435 δοκεῖ
1606 2396 1713 2449 σοι,
1746 2377 1903 2435 οὐδέ-

218 2486 350 2524 ποτε
402 2467 565 2539 χιόνα
620 2460 797 2522 οὖσαν
850 2467 1152 2537 δεξαμένην
1201 2464 1263 2521 τὸ
1314 2466 1555 2538 θερμόν,
1609 2464 1790 2539 ὥσπερ
1843 2470 1902 2524 ἐν

217 2566 334 2622 τοῖς
373 2560 688 2627 ἔμπροσθεν
730 2554 1005 2624 ἐλέγομεν,
1045 2557 1124 2609 ἔτι
1164 2558 1390 2609 ἔσεσθαι
1431 2552 1564 2627 ὅπερ
1603 2548 1700 2627 ἦν,
1740 2554 1903 2626 χιόνα

217 2644 310 2701 καὶ
348 2641 592 2715 θερμόν,
632 2640 771 2697 ἀλλὰ
814 2640 1145 2714 προσιόντος
1189 2643 1291 2696 τοῦ
1330 2644 1548 2713 θερμοῦ
1588 2639 1622 2713 ἢ
1660 2641 1901 2714 ὑπεκχω-

218 2733 410 2806 ρήσειν
451 2727 599 2806 αὐτῷ
639 2725 674 2800 ἢ
716 2727 1082 2785 danismam?
1161 2727 1329 2784 ‘mivv
1366 2731 1462 2799 ys?
1540 2730 1651 2785 ‘nal
1688 2729 1750 2785 τὸ
1790 2733 1901 2801 πῦρ

1463 2814 1489 2836 Ἃ
1875 2814 1900 2835 Ἃ

217 2843 280 2894 γε
303 2813 403 2876 ἀὖ
453 2817 786 2891 προσιόντος
834 2821 935 2873 τοῦ
986 2820 1204 2889 ψυχροῦ
1254 2815 1402 2893 αὐτῷ
1453 2840 1488 2889 η
1539 2815 1816 2884 ὑπεξιέναι
1867 2839 1901 2887 η
