2020 3198
75 175 132 215 35
712 135 714 137 *
747 170 1087 213 ΚΡΑἸΤΛΟΣ.
1641 170 1748 223 209

74 287 143 342 οὗ
196 289 300 358 γὰρ
348 290 496 342 ἔστιν
529 291 538 353 Ι
571 288 655 342 ὅτι
701 286 769 341 ἂν
814 292 1023 356 μᾶλλον
1069 289 1244 356 ὄνομα
1289 289 1530 358 ἥρμοσεν
1576 290 1637 342 ἓν
1683 289 1749 342 ὃν
1781 293 1871 334 405

34 406 44 410 ·
73 375 323 447 τέτταρσι
361 376 625 445 δυνάμεσι
655 384 772 438 ταῖς
802 383 901 428 τοῦ
931 381 1088 443 θεοῦ,
1130 376 1266 428 ὥστε
1296 385 1487 429 πασῶν
1519 375 1750 445 ἐφάπτε-

74 469 212 517 σθαι
258 461 350 517 καὶ
396 464 604 531 δηλοῦν
649 464 854 534 τρόπον
898 465 1022 516 τινὰ
1068 465 1338 532 μουσικήν
1383 483 1441 517 τε
1485 462 1576 516 καὶ
1614 485 1750 533 μαν-

74 552 232 620 τικὴν
268 549 362 604 καὶ
401 551 649 621 ἰατρικὴν
686 549 777 603 καὶ
814 549 1048 618 τοξικήν.

222 638 386 691 ΕΡΜ.
448 637 591 706 Λέγε
645 638 736 706 δή·
791 638 995 691 ἄτοπον
1050 639 1154 707 γάρ
1208 641 1266 691 τί
1313 659 1406 708 μοι
1459 638 1634 707 λέγεις
1686 641 1747 693 τὸ

74 728 250 795 ὄνομα
290 722 445 778 εἶναι.

220 813 388 866 XXII.
460 812 575 866 ΣΩ.
628 813 992 883 Εὐάρμοστον
1031 810 1131 882 μὲν
1171 809 1298 882 οὖν,
1347 815 1439 867 ἅτε
1479 823 1749 883 μουσικοῦ

75 901 234 964 ὄντος
278 908 378 954 τοῦ
415 905 578 954 θεοῦ·
632 910 850 971 πρῶτον
904 898 1004 969 μὲν
1049 903 1155 971 γὰρ
1193 901 1226 969 ἡ
1265 903 1537 971 κάθαρσις
1575 901 1664 954 καὶ
1697 903 1755 955 oc

73 987 351 1058 καθαρμοὶ
395 986 486 1041 καὶ
523 989 658 1041 κατὰ
697 989 798 1055 τὴν
838 989 1086 1057 ἰατρικὴν
1124 988 1214 1042 καὶ
1251 991 1387 1042 κατὰ
1424 990 1525 1057 τὴν
1563 1010 1750 1058 μαντι-

74 1076 178 1143 κὴν
215 1073 306 1127 καὶ
344 1076 406 1128 αἱ
438 1085 554 1137 τοῖς
594 1077 855 1145 ἰατρικοῖς
895 1077 1204 1146 φαρμάκοις
1241 1075 1333 1129 καὶ
1371 1078 1433 1129 αἱ
1465 1086 1580 1140 τοῖς
1617 1097 1751 1146 μαν-

73 1171 246 1224 τικοῖς
285 1165 290 1230 Ι
331 1163 709 1233 περιθειώσεις
769 1182 826 1215 τε
880 1162 970 1215 καὶ
1023 1165 1089 1216 τὰ
1144 1165 1348 1233 λουτρά
1401 1165 1468 1217 τὰ
1521 1165 1582 1218 ἐν
1634 1175 1749 1228 τοῖς
1781 1173 1816 1215 Β

74 1251 346 1313 τοιούτοις
403 1249 495 1303 καὶ
552 1251 613 1302 αἱ
662 1251 1066 1320 περιρράνσεις,
1133 1252 1309 1304 πάντα
1364 1251 1425 1304 ἕν
1477 1271 1530 1304 τι
1582 1261 1751 1305 ταῦτα

76 1336 289 1391 δύναιτ’
357 1338 451 1406 ἄν,
512 1339 762 1407 καθαρὸν
823 1338 1078 1407 παρέχειν
1139 1340 1236 1392 τὸν
1298 1340 1600 1410 ἄνθρωπον
1660 1339 1752 1393 καὶ

74 1427 210 1479 κατὰ
248 1427 310 1478 τὸ
351 1434 505 1494 σῶμα
543 1424 635 1478 καὶ
672 1426 806 1478 κατὰ
844 1426 946 1493 τὴν
982 1428 1188 1494 ψυχήν·
1228 1426 1261 1494 ἢ
1303 1427 1394 1490 οὔ;

220 1513 384 1566 ΕΡΜ.
447 1514 610 1566 Πάνυ
649 1510 750 1581 μὲν
789 1508 905 1566 οὖν.

224 1600 338 1653 ΣΩ.
405 1601 624 1654 Οὐκοῦν
665 1600 693 1653 ὁ
740 1601 1026 1670 καθαίρων
1071 1602 1204 1663 θεὸς
1251 1600 1343 1654 καὶ
1390 1602 1419 1654 ὁ
1459 1602 1751 1655 ἀπολούων

75 1709 129 1742 τε
162 1687 254 1741 καὶ
284 1689 542 1742 ἀπολύων
572 1697 683 1740 τῶν
714 1688 982 1741 τοιούτων
1012 1698 1195 1742 κακῶν
1222 1684 1383 1751 οὗτος
1408 1688 1476 1741 ἂν
1499 1694 1606 1758 εἴσῃ

219 1776 383 1829 ΕΡΜ.
447 1776 609 1828 Πάνυ
648 1773 748 1844 μὲν
788 1771 904 1829 οὖν.

222 1863 336 1917 ΣΩ.
383 1864 538 1916 Κατὰ
570 1860 671 1931 μὲν
708 1866 902 1915 τοίνυν
939 1864 1035 1926 τὰς
1073 1863 1365 1927 ἀπολύσεις
1402 1883 1459 1917 τε
1498 1863 1588 1917 καὶ
1618 1863 1751 1916 ἀπο-

74 1952 315 2018 λούσεις,
363 1952 435 2013 ὡς
483 1951 665 2019 ἰατρὸς
712 1950 790 2002 ὢν
827 1959 938 2003 τῶν
975 1952 1267 2019 τοιούτων,
1309 1955 1316 2016 Ι
1352 1951 1643 2004 ἀπολούων
1681 1949 1750 2003 ἄν
1781 1965 1814 2010 C

74 2039 259 2109 ὀρθῶς
296 2042 540 2091 καλοῖτο·
585 2038 721 2089 κατὰ
770 2034 830 2090 δὲ
868 2037 969 2104 τὴν
1009 2039 1276 2106 μαντικὴν
1314 2038 1407 2091 καὶ
1444 2040 1505 2091 τὸ
1546 2036 1749 2106 ἀληθές

73 2145 131 2178 τε
179 2123 271 2178 καὶ
321 2126 382 2177 τὸ
436 2124 648 2177 ἁπλοῦν
701 2154 759 2161 —-
810 2124 1012 2176 ταύτὸν
1060 2125 1165 2194 γάρ
1220 2124 1367 2177 ἐστιν
1415 2157 1510 2194 ·-‚
1566 2127 1747 2195 ὥσπερ

75 2208 178 2266 οὖν
210 2213 268 2266 oc
297 2210 559 2264 Θετταλοὶ
588 2215 852 2264 καλοῦσιν
885 2211 1070 2279 αὐτόν,
1111 2209 1367 2282 ὀρθότατ’
1405 2212 1474 2266 ἂν
1503 2218 1747 2266 καλοῖτο·

62 2298 305 2352 ’Ἁπλουν
350 2299 455 2367 γάρ
506 2311 643 2366 φασι
680 2299 878 2360 πάντες
918 2297 1179 2351 Θετταλοὶ
1215 2307 1414 2352 τοῦτον
1452 2302 1549 2353 τὸν
1594 2302 1746 2354 θεόν.

76 2386 169 2438 διὰ
206 2382 268 2438 δὲ
296 2386 358 2438 τὸ
398 2383 483 2438 ἀεὶ
520 2388 704 2453 βολῶν
736 2384 998 2455 ἐγκρατὴς
1029 2382 1171 2438 εἶναι
1201 2385 1384 2456 τοξικῇ
1418 2386 1501 2439 ἀεὶ
1531 2389 1749 2455 βάλλων

75 2472 237 2526 ἐστίν.
313 2474 449 2526 κατὰ
496 2470 556 2526 δὲ
601 2474 701 2541 τὴν
748 2474 1017 2542 μουσικὴν
1065 2475 1153 2526 δεῖ
1195 2474 1518 2542 ὑπολαβεῖν,
1568 2476 1748 2544 ὥσπερ

75 2562 173 2614 τὸν
223 2558 537 2612 ἀκόλουθόν
583 2579 639 2613 τε
686 2559 776 2613 καὶ
820 2562 921 2628 τὴν
962 2562 1197 2628 ἄκοιτιν,
1246 2562 1329 2614 ὅτι
1367 2563 1427 2614 τὸ
1469 2564 1616 2630 ἄλφα
1656 2576 1750 2629 ση-

75 2649 258 2716 μαίνει
318 2649 594 2713 πολλαχοῦ
654 2649 715 2700 τὸ
778 2647 941 2716 ὁμοῦ,
1003 2647 1094 2701 καὶ
1156 2649 1398 2703 ἐνταῦθα
1457 2650 1558 2717 τὴν
1612 2650 1750 2716 ὁμοῦ

75 2737 308 2803 πόλησιν
339 2731 430 2785 καὶ
460 2732 584 2802 περὶ
607 2735 704 2786 τὸν
730 2736 988 2806 οὐρανόν,
1022 2736 1118 2799 οὓς
1151 2738 1217 2804 δὴ
1243 2740 1446 2799 πόλους
1469 2741 1750 2802 καλοῦσιν,

76 2820 168 2874 καὶ
212 2819 337 2890 περὶ
383 2819 483 2886 τὴν
523 2818 582 2871 ἐν
620 2827 683 2889 τῇ
725 2817 838 2891 ᾠδῇ
879 2823 1171 2892 ἁρμονίαν,
1219 2824 1252 2891 ἣ
1295 2825 1362 2891 δὴ
1404 2825 1696 2892 συμφωνία
1738 2820 1744 2892 Ι
1781 2828 1822 2871 D

175 2923 311 2960 Pnuo
335 2928 357 2960 1
1310 2914 1364 2950 14
