2020 3198
249 167 321 221 80
920 168 1259 213 ΠΑΑΤῼΝΟΣ
1971 0 2020 235 ἲ

248 283 417 363 ὀλίγῳ
457 285 641 361 χρόνῳ
681 284 1056 357 ἀναγκασθεὶς
1094 285 1529 357 βουλεύσασθαι,
1566 284 1688 342 ἀλλ’
1724 288 1784 343 ἐν
1825 291 1931 343 ἔτε-
2010 240 2020 321 ³¹

247 391 340 430 σιν
379 374 779 447 ἑβδομήκοντα,
819 376 879 430 ἐν
920 367 1003 439 οἷς
1042 375 1169 445 ἐξῆν
1209 390 1299 429 σοι
1338 372 1576 445 ἀπιέναι,
1615 377 1667 430 εἰ
1697 373 1770 446 μὴ
1809 373 1933 448 ἠρέ-

246 479 450 534 σκομεν
497 461 654 535 ἡμεῖς
699 461 838 534 μηδὲ
883 464 1093 517 δίκαιαι
1147 459 1446 533 ἐφαίνοντό
1494 478 1584 518 σοι
1629 464 1692 518 αἰ
1735 460 1931 533 ὁμολο-
2015 474 2020 533 ⁵.

243 556 362 622 γίαι
411 548 570 607 εἶναι.
647 549 719 606 σὺ
771 549 834 606 δὲ
885 548 1011 605 οὔτε
1062 553 1455 621 Λακεδαίμονα
1504 559 1756 624 προῃροῦ
1805 549 1932 607 οὔτε
2012 598 2020 626 z

244 638 492 712 Κρήτην,
533 636 600 705 ἃς
639 638 709 710 δὴ
744 637 1001 694 ἑκάστοτε
1033 638 1144 711 φῂς
1175 637 1556 710 εὐνομεῖσθαι,
1597 637 1725 695 οὔτε
1756 638 1931 712 ἄλλην

172 745 227 784 53
247 726 516 799 οὐδεμίαν
560 731 674 784 τῶν
703 727 1046 799 Ἑλληνίδων
1091 726 1309 783 πόλεων
1358 726 1492 783 οὐδὲ
1538 730 1650 783 τῶν
1685 728 1694 801 Ι
1727 733 1933 801 βαρβα-
2016 744 2020 773 ἑ

245 819 436 887 ρικῶν,
477 814 619 872 ἀλλὰ
659 815 864 898 ἐλοξττω
906 816 960 882 ἐξ
1001 812 1171 886 αὐτῆς
1208 813 1564 886 ἀπεδήμησας
1601 811 1636 886 ἢ
1678 817 1736 871 οἱ
1762 822 1934 888 χωλοί

241 925 301 959 τε
338 904 431 959 καὶ
469 904 671 975 τυφλοὶ
716 904 809 959 καὶ
850 905 908 958 οἱ
942 901 1103 959 ἄλλοι
1142 901 1440 975 ἀνάπηροι·
1490 901 1635 959 οὕτω
1683 920 1774 960 σοι
1814 907 1930 960 δια·

244 991 531 1063 φερόντως
576 995 688 1048 τῶν
736 990 923 1047 ἄλλων
957 989 1273 1063 Ἀθηναίων
1318 991 1551 1063 ἤρεσκεν
1596 990 1631 1063 ἡ
1678 991 1838 1058 πόλις
1873 1013 1932 1049 τε
2006 988 2020 1062 ξ

242 1079 335 1135 καὶ
388 1077 545 1151 ἡμεῖς
598 1081 657 1135 οἱ
706 1079 873 1151 νόμοι
927 1083 1101 1151 δῆλον
1156 1078 1262 1136 ὅτι·
1322 1085 1434 1135 τίνι
1486 1078 1591 1153 γὰρ
1645 1077 1718 1136 ἄν
1772 1079 1932 1146 πόλις
2015 1084 2020 1146 ss

243 1167 470 1240 ἀρέσκοι
522 1167 659 1224 ἄνευ
703 1167 923 1238 νόμων;
976 1170 1087 1224 νῦν
1142 1168 1205 1224 δὲ
1251 1167 1320 1239 δὴ
1377 1166 1479 1224 οὐκ
1525 1169 1770 1240 ἐμμένεις
1814 1179 1931 1235 τοῖς
2014 1227 2015 1230 ,

244 1254 722 1328 ὥμολογημένοις;
764 1255 861 1312 ἐὰν
900 1255 1035 1328 ἡμῖν
1073 1279 1136 1328 γε
1173 1262 1360 1331 πείθῃ,
1401 1250 1445 1313 ὦ
1481 1257 1800 1330 Σώκρατες·
1837 1258 1931 1313 καὶ
2017 1282 2020 1283 ’

244 1343 313 1400 οὐ
351 1344 756 1416 καταγέλαστός
792 1367 855 1416 γε
894 1350 1005 1402 ἔσει
1045 1347 1105 1402 ἐκ
1141 1349 1238 1417 τῆς
1275 1346 1486 1412 πόλεως
1525 1345 1782 1413 ἐξελθών.

390 1435 507 1490 XV.
568 1433 780 1489 Σκόπει
817 1431 924 1507 γὰρ
959 1433 1048 1506 δή,
1086 1438 1260 1490 ταῦτα
1297 1433 1551 1507 παραβὰς
1578 1434 1672 1490 καὶ
1703 1436 1929 1506 ἐξαμαρ-

242 1521 430 1578 τάνων
476 1543 530 1577 τι
577 1522 794 1578 τούτων
838 1526 897 1577 τί
939 1521 1161 1593 ἀγαθὸν
1210 1522 1428 1595 ἐργάσει
1475 1522 1680 1579 σαυτὸν
1726 1519 1762 1594 ἢ
1800 1520 1931 1588 τοὺς

186 1616 224 1662 Β
243 1611 587 1681 ἐπιτηδείους
615 1608 748 1676 τοὺς
780 1609 790 1683 Ι
823 1614 1046 1667 σαυτοῦ.
1111 1609 1196 1666 ὅτι
1228 1610 1329 1682 μὲν
1359 1609 1467 1684 γὰρ
1498 1610 1932 1668 κινδυνεύσουσί

239 1699 307 1770 γέ
342 1713 447 1754 σου
487 1699 546 1754 οἰ
582 1698 883 1769 ἐπιτήδειοι
927 1699 1020 1754 καὶ
1059 1697 1219 1754 αὐτοὶ
1258 1698 1487 1770 φεύγειν
1528 1699 1622 1755 καὶ
1661 1702 1929 1771 στερηθῆ-

239 1809 336 1842 ναι
388 1789 486 1859 τῆς
533 1786 744 1854 πόλεως
796 1784 831 1858 ἢ
886 1786 987 1858 τὴν
1044 1786 1243 1843 οὐσίαν
1289 1785 1580 1858 ἀπολέσαι,
1632 1786 1832 1860 σχεδόν
1876 1807 1929 1842 τι

243 1879 439 1947 δῆλον·
495 1874 664 1942 αὐτὸς
711 1875 773 1932 δὲ
818 1880 1040 1948 πρῶτον
1086 1875 1187 1947 μὲν
1235 1874 1333 1932 ἐὰν
1379 1879 1456 1942 εἰς
1500 1879 1613 1933 τῶν
1659 1873 1928 1947 ἐγγύτατά

240 1985 366 2020 τινα
404 1963 621 2021 πόλεων
673 1969 865 2037 ἔλθῃς,
912 1961 947 2035 ἢ
989 1963 1202 2035 Θήβαζε
1244 1960 1279 2036 ἢ
1320 1963 1623 2037 Μέγαράδε
1658 1994 1734 2005 -—
1771 1960 1929 2018 εὐνο-

241 2055 473 2124 μοῦνται
514 2051 623 2124 γὰρ
665 2050 975 2125 ἀμφότεραι
1011 2084 1086 2095 -—
1124 2053 1383 2123 πολέμιος
1418 2051 1581 2124 ἥξεις,
1622 2045 1666 2108 ὦ
1698 2049 1928 2123 Σώκρα-

239 2162 351 2210 τες,
397 2143 462 2213 τῇ
510 2139 724 2195 τούτων
771 2144 1044 2214 πολιτείᾳ,
1090 2141 1183 2195 καὶ
1230 2138 1456 2212 ὅσοιπερ
1501 2139 1770 2211 κήδονται
1814 2141 1926 2194 τῶν

241 2226 428 2284 αὐτῶν
459 2229 697 2299 πόλεων,
736 2227 1154 2299 ὑποβλέψονταί
1182 2244 1243 2285 σε
1276 2229 1592 2300 διαφθορέα
1622 2225 1925 2299 ἡγούμενοι

239 2319 353 2371 τῶν
392 2316 602 2388 νόμων,
640 2318 733 2372 καὶ
773 2316 1095 2387 βεβαιώσεις
1132 2327 1247 2382 τοῖς
1287 2320 1568 2381 δικασταῖς
1602 2314 1704 2386 τὴν
1737 2315 1925 2386 δόξαν,

190 2403 381 2460 Οῶστε
436 2408 623 2461 δοκεῖν
680 2404 870 2477 ὀρθῶς
921 2403 1026 2476 τὴν
1081 2409 1242 2475 δίκην
1277 2404 1285 2478 Ι
1320 2403 1563 2460 δικάσαι·
1618 2401 1768 2469 ὅστις
1817 2402 1925 2476 γὰρ

239 2492 432 2564 νόμων
496 2492 842 2563 διαφθορεύς
904 2494 1078 2562 ἐστιν,
1142 2491 1366 2564 σφόδρα
1426 2510 1535 2547 που
1590 2491 1801 2558 δόξειεν
1854 2487 1925 2546 ἂν
2005 2490 2008 2495 ’

239 2580 384 2635 νέων
429 2601 493 2650 γε
546 2580 639 2635 καὶ
693 2577 949 2650 ἀνοήτων
996 2577 1315 2652 ἀνθρώπων
1371 2579 1719 2652 διαφθορεὺς
1767 2577 1924 2636 εἶναι.

238 2667 475 2741 πότερον
516 2661 622 2723 οὖν
668 2666 858 2738 φεύξει
903 2666 999 2732 τάς
1043 2688 1102 2723 τε
1147 2666 1562 2738 εὐνομουμένας
1610 2667 1796 2733 πόλεις
1833 2666 1925 2723 καὶ

239 2759 352 2812 τῶν
400 2754 627 2827 ἀνδρῶν
673 2754 805 2820 τοὺς
849 2754 1282 2826 κοσμιωτάτους;
1329 2755 1420 2810 καὶ
1465 2758 1629 2811 τοῦτο
1669 2757 1925 2811 ποιοῦντι

240 2837 350 2917 ἀρα
405 2842 563 2910 ἄξιόν
610 2859 698 2899 σοι
749 2847 844 2914 ζῆν
891 2847 1067 2911 ἔσται;
1121 2839 1157 2915 ἢ
1203 2842 1524 2913 πλησιάσεις
1571 2842 1790 2910 τούτοις
1833 2843 1925 2899 καὶ
