2020 3198
809 150 1051 196 ΦΑΙΔΩΝ.
1697 151 1768 204 85

88 267 487 340 διηγήσασθαι·
531 268 625 324 καὶ
675 266 783 340 γὰρ
829 266 890 324 τὸ
937 271 1259 339 μεμνῆσθαι
1299 272 1638 341 Σωκράτους
1676 269 1771 324 καὶ

13 397 43 437 .‘
88 353 260 412 αὐτὸν
299 357 532 427 λέγοντα
561 356 654 411 καὶ
685 355 859 411 ἄλλον
896 353 1174 411 ἀκούοντα
1207 359 1394 426 ἔμοιγε
1425 355 1511 412 ἀεὶ
1542 355 1769 413 πάντων

6 434 12 438 ’
86 442 333 514 ἥδιστον.

233 542 327 584 EX.
385 529 545 588 Ἀλλά
586 531 722 604 μήν,
771 525 815 588 ὦ
860 535 1117 603 Φαίδων,
1155 531 1248 587 καὶ
1293 530 1422 598 τοὺς
1468 530 1768 604 ἀκουσομέ-

88 641 222 686 νους
265 641 328 689 γε
376 619 667 686 τοιούτους
705 621 925 693 ἑτέρους
972 624 1133 693 ἔχεις·
1180 618 1321 675 ἀλλὰ
1366 624 1536 693 πειρῶ
1586 618 1662 686 ὡς
1696 617 1769 676 ἂν

89 707 232 782 δύνῃ
273 706 637 778 ἀκριβέστατα
677 710 983 776 διεξελθεῖν
1021 708 1215 764 πάντα.

237 804 394 850 ΦΑΙΔ.
440 797 555 852 Καὶ
586 794 696 868 μὴν
729 800 899 868 ἔγωγε
928 796 1220 868 θαυμάσια
1254 804 1262 865 1
1297 799 1513 853 ἔπαθον
1537 811 1827 869 παραγε-Ε

87 884 336 956 νόμενος.
414 883 542 941 οὔτε
593 883 702 958 γὰρ
754 882 828 950 ὥς
873 883 1104 958 θανάτῳ
1150 883 1400 956 παρόντα
1450 906 1516 957 με
1564 884 1772 957 ἀνδρὸς

88 975 400 1045 ἐπιτηδείου
462 977 612 1038 ἔλεος
682 972 874 1045 εἰσῄει·
938 972 1218 1044 εὐδαίμων
1285 972 1394 1045 γάρ
1463 995 1558 1045 μοι
1627 971 1770 1046 ἀνὴρ

9 1110 13 1115 .
89 1063 370 1133 ἐφαίνετο,
404 1053 449 1117 ὦ
477 1059 806 1133 Ἐχέκρατες,
837 1060 930 1115 καὶ
948 1063 1050 1116 τοῦ
1075 1059 1285 1132 τρόπου
1315 1061 1543 1118 καὶτῶν
1568 1061 1771 1132 λόγων,

89 1146 164 1214 ὥς
217 1149 393 1214 ἀδεῶς
444 1148 537 1203 καὶ
582 1152 853 1219 γενναίως
901 1147 1175 1217 ἐτελεύτα,
1232 1146 1371 1204 ὥστε
1417 1171 1512 1219 μοι
1559 1151 1772 1205 ἐκεῖνον

88 1241 464 1310 παρίστασθαι
503 1235 632 1308 μηδ’
677 1240 755 1303 εἰς
778 1235 975 1292 ’Ἀιδου
1015 1235 1172 1292 ἰόντα
1203 1235 1340 1292 ὅῖνευ
1377 1242 1538 1303 θείας
1575 1241 1773 1310 μοίρας

91 1327 251 1396 ἰέναι,
291 1323 431 1381 ἄλλα
478 1327 571 1381 καὶ
618 1326 791 1382 ἐκεῖσε
837 1324 1184 1396 ἀφικόμενον
1223 1318 1286 1380 εὖ
1326 1325 1580 1398 πράξειν,
1620 1332 1771 1397 εἰπερ

90 1437 169 1481 τις
207 1413 424 1471 πώποτε
461 1412 554 1468 καὶ
588 1415 596 1484 Ι
631 1411 810 1478 ἄλλος.
852 1411 946 1467 διὰ
987 1413 1057 1482 δὴ
1091 1415 1264 1468 ταῦτα
1297 1411 1467 1468 οὐδὲν
1497 1412 1648 1469 πάνυ
1679 1422 1773 1484 μοι
1789 1431 1845 1472 59

91 1502 333 1560 ἐλεεινὸν
388 1501 584 1575 εἰσῄει,
641 1498 715 1566 ὥς
769 1499 915 1567 εἰκὸς
969 1498 1040 1556 ἂν
1091 1500 1302 1567 δόξειεν
1350 1498 1494 1556 εἶναι
1538 1500 1774 1573 παρόντι

91 1593 304 1648 πένθει·
347 1589 474 1647 οὔτε
513 1583 586 1646 αὖ
623 1588 802 1661 ἡδονὴ
844 1587 917 1654 ὡς
949 1591 1009 1645 ἐν
1042 1593 1350 1663 φιλοσοφίᾳ
1381 1587 1541 1660 ἡμῶν
1573 1588 1773 1660 ὄντων,

93 1678 274 1753 ὥσπερ
330 1678 646 1750 εἰώθειμεν·
706 1677 798 1733 καὶ
851 1677 958 1749 γὰρ
1016 1678 1073 1733 οἷ
1122 1676 1282 1748 λόγοι
1332 1679 1583 1733 τοιοῦτοί
1629 1698 1775 1743 τινες

91 1764 257 1840 ἦσαν·
297 1765 418 1823 ἀλλ’
463 1765 702 1838 ἀτεχνῶς
741 1764 952 1821 ἄτοπόν
991 1769 1050 1820 τί
1089 1787 1185 1837 μοι
1231 1764 1414 1830 πάθος
1461 1767 1644 1837 παρῆν
1682 1768 1780 1820 καί

91 1878 172 1923 τις
219 1854 402 1927 ἀήθης
450 1856 642 1926 κρᾶσις
691 1850 799 1908 ἀπό
849 1874 907 1908 τε
956 1857 1053 1924 τῆς
1101 1851 1311 1924 ἡδονῆς
1361 1853 1772 1925 συγκεκραμένη

94 1943 237 2017 ὁμοῦ
290 1943 382 1998 καὶ
438 1941 545 1997 ἀπὸ
600 1944 698 2012 τῆς
742 1940 941 2011 λύπης,
998 1942 1397 2016 ἐνθυμουμένῳ
1446 1939 1531 1997 ὅτι
1578 1938 1774 1996 αὐτίκα

96 2036 304 2098 ἐκεῖνος
343 2035 530 2102 ἔμελλε
567 2032 843 2084 τελευτᾶν.
895 2030 987 2084 καὶ
1025 2029 1225 2093 πάντες
1264 2031 1321 2084 ol*
1355 2027 1626 2101 παρόντες
1655 2044 1774 2100 σχε-

97 2121 201 2178 δόν
240 2141 292 2175 τι
340 2116 482 2174 οὕτω
525 2120 865 2187 διεκείμεθα,
906 2114 996 2172 ὁτὲ
1034 2116 1135 2187 μὲν
1174 2118 1458 2187 γελῶντες,
1498 2119 1673 2173 ἐνίοτε
1713 2115 1774 2172 δὲ

77 2207 446 2281 δακρύοντες,
465 2199 542 2270 εἷς
559 2203 621 2260 δὲ
639 2202 795 2275 ἡμῶν
813 2204 903 2259 καὶ
926 2204 1318 2276 διαφερόντως,
1338 2202 1774 2276 Ἀπολλόδωρος·

97 2295 265 2354 οἶσθα
303 2293 409 2367 γάρ
448 2312 557 2348 που
594 2290 693 2348 τὸν
732 2290 913 2363 ἄνδρα
947 2297 955 2358 Ι
987 2291 1080 2347 καὶ
1116 2291 1215 2346 τὸν
1254 2290 1462 2363 τρόπον
1502 2290 1691 2347 αὐτοῦ.
1788 2304 1825 2348 Β

241 2393 334 2435 EX.
395 2383 528 2445 Πῶς
564 2378 672 2450 γὰρ
714 2378 807 2446 οὕς

244 2483 400 2525 ΦΑΙΔ.
443 2466 684 2532 Ἐκεῖνός
713 2488 772 2522 τε
803 2470 999 2523 τοίνυν
1030 2465 1379 2522 παντάπασιν
1413 2464 1586 2532 οὕτως
1610 2464 1774 2539 εἶχεν,

96 2554 188 2608 καὶ
227 2553 393 2620 αὐτὸς
432 2560 601 2626 ἔγωγε
641 2554 1013 2627 ἐτεταράγμην
1052 2554 1143 2609 καὶ
1184 2556 1241 2609 οἱ
1276 2546 1450 2609 ἄλλοι.

243 2652 337 2694 EX.
383 2639 630 2714 ”Ετυχον
664 2644 742 2713 δέ,
777 2637 818 2698 ὦ
857 2646 1103 2712 Φαίδων,
1134 2646 1279 2707 τίνες
1308 2641 1774 2715 παραγενόμενοι,

245 2738 398 2781 ΦΑΙΔ.
453 2722 629 2794 Οὗτός
667 2751 723 2785 τε
770 2729 838 2801 δὴ
888 2727 916 2785 ὁ
961 2728 1376 2801 Ἀπολλόδωρος
1424 2732 1536 2785 τῶν
1585 2731 1774 2799 ἐπιχω-

98 2821 234 2889 ρίων
285 2820 466 2890 παρῆν
513 2817 606 2871 καὶ
653 2815 682 2872 ὁ
730 2816 1112 2889 Κριτόβουλος
1156 2817 1247 2871 καὶ
1296 2815 1324 2872 ὁ
1373 2815 1550 2888 πατὴρ
1600 2814 1777 2870 αὐτοῦ
