2020 3198
292 179 401 232 194
967 181 1307 225 ΠΛΑΤῼΝΟΣ
1925 187 1986 229 20

291 319 463 369 μνων,
498 292 615 363 οἶος
648 299 717 353 ἃν
743 299 953 364 δόξειεν
981 300 1129 373 αὐτῷ
1155 302 1546 354 διαπονεῖσθαι
1568 298 1661 354 καὶ
1682 310 1984 373 καρτερεῖν,

290 386 446 451 τέλος
503 387 768 451 ἐπιτιθεὶς
821 397 937 452 τοῖς
984 390 1176 454 δόξασι
1224 387 1297 442 δι’
1351 389 1564 460 ἀρετήν.
1651 397 1879 459 σημεῖον
1924 387 1986 444 δὲ

293 475 465 528 αὐτοῦ
503 475 537 543 ἡ
578 475 639 529 ἐν
686 478 856 548 Τροίᾳ
895 478 1036 546 μονὴ
1076 484 1176 530 τοῦ
1215 479 1468 545 πλήθους
1503 496 1560 530 τε
1591 475 1684 531 καὶ
1713 480 1984 548 καρτερία.

293 562 376 616 ὅτι
434 558 536 617 οὗν
591 563 825 632 ἀγαστὸς
878 565 1013 617 κατὰ
1070 565 1172 633 τὴν
1227 565 1494 634 ἐπιμονὴν
1542 560 1704 628 οὗτος
1749 565 1778 619 ὁ
1825 566 1984 638 ἀνήρ,

226 665 262 707 Β
295 651 613 721 ἐνσημαίνει
659 653 721 706 τὸ
770 653 945 722 ὄνομα
985 653 1014 707 ὁ
1050 651 1454 724 ΙἈγαμέμνων.
1533 658 1665 716 ἴσως
1711 650 1771 707 δὲ
1816 652 1909 708 καὶ
1954 654 1984 708 ὁ

287 736 506 810 Ἀτρεὺς
554 740 740 812 ὀρθῶς
786 742 909 810 ἔχει.
989 741 1019 794 ὅ
1064 761 1122 795 τε
1167 743 1273 812 γὰρ
1320 749 1419 795 τοῦ
1461 744 1790 812 Χρυσίππου
1836 742 1983 815 αὐτῷ

293 830 466 897 φόνος
511 828 603 882 καὶ
650 828 684 882 ἃ
731 831 867 900 πρὸς
913 831 1011 883 τὸν
1053 828 1302 899 Θυέστην
1343 830 1415 892 ὡς
1455 830 1574 898 ὠμὰ
1615 830 1984 901 διεπράττετο,

291 917 469 970 πάντα
507 924 678 970 ταῦτα
719 918 959 986 ζημιώδη
1000 917 1091 971 καὶ
1132 918 1305 989 ἀτηρὰ
1343 918 1480 988 πρὸς
1518 917 1734 987 ἀρετήν·
1805 918 1839 987 ἡ
1880 914 1985 972 οὖν

290 1011 390 1057 τοῦ
438 1004 707 1074 ὀνόματος
755 1004 1038 1075 ἐπωνυμία
1086 1007 1318 1077 σμικρὸν
1363 1008 1687 1076 παρακλίνει
1731 1004 1823 1060 καὶ
1871 1006 1983 1060 ἑπι-

291 1093 642 1162 κεκάλυπται,
669 1094 805 1147 ὥστε
831 1095 904 1163 μὴ
930 1102 1064 1147 πᾶσι
1089 1095 1298 1163 δηλοῦν
1321 1095 1423 1163 τὴν
1447 1095 1620 1163 φύσιν
1639 1102 1740 1147 τοῦ
1757 1094 1983 1165 ἀνδρός·

291 1190 408 1244 τοῖς
447 1180 497 1235 δ’
544 1182 797 1236 ἐπαΐουσι
828 1181 954 1254 περὶ
985 1183 1272 1252 ὀνομάτων
1306 1184 1505 1246 ἱκανῶς
1538 1184 1702 1251 δηλοῖ
1729 1181 1758 1235 ὃ
1790 1184 1983 1251 βούλε-

291 1288 379 1322 ται
427 1268 456 1322 ὁ
491 1267 724 1341 Ἀτρεύς.
801 1269 893 1323 καὶ
938 1272 1044 1342 γὰρ
1091 1273 1227 1325 κατὰ
1268 1273 1330 1325 τὸ
1372 1268 1579 1341 ἀτειρὲς
1617 1269 1709 1324 καὶ
1746 1272 1882 1324 κατὰ
1918 1273 1981 1325 τὸ

227 1368 261 1413 C
296 1354 302 1428 Ι
347 1358 610 1427 ἄτρεστον
654 1357 746 1411 καὶ
791 1359 928 1412 κατὰ
974 1361 1035 1413 τὸ
1084 1359 1289 1431 ἀτηρὸν
1326 1367 1572 1430 πανταχῇ
1612 1359 1797 1430 ὀρθῶς
1835 1359 1982 1432 αὐτῷ

291 1446 353 1497 τὸ
410 1446 585 1514 ὄνομα
640 1455 827 1499 κεῖται.
911 1448 1067 1500 δοκεῖ
1119 1446 1183 1500 δέ
1232 1466 1327 1516 μοι
1378 1446 1471 1500 καὶ
1522 1453 1598 1519 τῷ
1654 1446 1867 1501 Πέλοπι
1918 1449 1981 1501 τὸ

294 1533 468 1601 ὄνομα
500 1532 776 1603 ἐμμέτρως
806 1539 1050 1587 κεῖσθαι·
1114 1537 1366 1603 σημαίνει
1397 1535 1502 1604 γὰρ
1533 1541 1696 1589 τοῦτο
1720 1537 1781 1589 τὸ
1806 1536 1982 1606 ὄνομα

292 1622 391 1673 τὸν
444 1621 509 1673 τὰ
566 1619 727 1689 ἐγγὺς
775 1621 988 1692 ὁρῶντα
1038 1622 1216 1689 [ἀξιον
1264 1618 1407 1675 εἶναι
1457 1623 1658 1691 ταύτης
1703 1630 1800 1693 τῆς
1846 1623 1981 1678 ἐπω-

292 1711 530 1777 νυμίας].

441 1797 606 1850 ΕΡΜ.
687 1801 817 1861 Πῶς
858 1800 949 1866 δής

443 1885 559 1938 Σῼ.
656 1880 792 1939 Οἷόν
852 1905 962 1940 που
1023 1884 1114 1939 καὶ
1166 1884 1283 1939 κατ’
1344 1885 1557 1940 ἐκείνου
1611 1884 1824 1954 λέγεται
1879 1895 1981 1940 τοῦ

295 1973 496 2044 ἀνδρὸς
545 1973 605 2027 ἐν
647 1982 722 2047 τῷ
761 1982 861 2028 τοῦ
901 1977 1195 2044 Μυρτίλου
1235 1976 1390 2047 φόνῳ
1433 1970 1599 2027 οὐδὲν
1638 1974 1761 2026 οἵου
1798 1993 1855 2027 τε
1893 1993 1981 2043 γε·

294 2061 493 2115 νέσθαι
531 2069 920 2133 προνοηθῆναι
956 2061 1087 2116 οὐδὲ
1118 2064 1371 2134 προϊδεῖν
1402 2072 1512 2115 τῶν
1543 2064 1730 2132 πόρρω
1762 2071 1873 2115 τῶν
1903 2063 1982 2126 είς

293 2152 354 2203 τὸ
385 2158 495 2203 πᾶν
525 2149 703 2219 γένος,
737 2151 868 2220 ὅσης
900 2151 1032 2204 αὐτὸ
1064 2153 1358 2220 δυστυχίας
1383 2150 1701 2219 ἐνεπίμπλη,
1732 2151 1793 2203 τὸ
1819 2149 1982 2218 ἐγγὺς

220 2253 261 2298 D
295 2240 469 2307 μόνον
502 2238 648 2308 ὀρῶν
679 2237 770 2292 καὶ
806 2238 813 2309 Ι
846 2241 907 2292 τὸ
940 2247 1266 2310 παραχρῆμα
1297 2269 1358 2277 —-
1385 2246 1548 2291 τοῦτο
1582 2236 1632 2291 δ’
1671 2236 1784 2291 ἐστὶ
1815 2237 1982 2301 πέλας

299 2357 384 2394 -,
424 2326 586 2394 ἡνίκα
640 2332 1009 2397 προεθυμεῖτο
1065 2330 1254 2395 λαβεῖν
1304 2326 1467 2379 παντὶ
1513 2328 1696 2397 τρόπῳ
1742 2327 1839 2377 τὸν
1883 2332 1981 2393 τῆς

286 2411 671 2483 Ἱπποδαμείας
708 2417 900 2484 γάμον.
970 2423 1043 2487 τῷ
1087 2413 1146 2467 δὲ
1194 2416 1451 2486 Ταντάλῳ
1491 2413 1581 2466 καὶ
1611 2420 1716 2475 πᾶς
1748 2410 1816 2464 ὀὲν
1846 2411 2008 2487 ἡγήᾼ

296 2515 450 2555 σαιτο
482 2503 726 2570 τοῦνομα
759 2503 943 2572 ὀρθῶς
971 2501 1061 2555 καὶ
1085 2503 1219 2554 κατὰ
1245 2503 1416 2570 φύσιν
1442 2507 1690 2570 τεθῆναι,
1723 2501 1775 2553 εἰ
1796 2499 1978 2569 ἀληθῆ

294 2590 361 2642 τὰ
399 2588 522 2659 περὶ
563 2590 732 2643 αὐτὸν
772 2592 1052 2659 λεγόμενα.

443 2677 607 2731 ΕΡΜ.
693 2679 771 2730 Τὰ
809 2685 939 2730 ποῖα
978 2685 1168 2740 ταῦτα;

445 2765 560 2818 ΣΩ.
633 2764 698 2818 “A
745 2766 805 2818 τέ
847 2784 954 2818 που
1002 2767 1079 2817 ἔτι
1129 2768 1286 2829 ζῶντι
1335 2766 1719 2833 δυστυχήματα
1765 2762 1977 2831 ἐγένετο

240 2891 242 2893 -
296 2855 473 2908 πολλὰ
518 2852 610 2907 καὶ
658 2855 836 2921 δεινά,
885 2849 964 2906 ὧν
1010 2852 1101 2906 καὶ
1147 2852 1299 2915 τέλος
1344 2853 1377 2920 ἡ
1425 2851 1617 2922 πατρὶς
1665 2852 1835 2905 αὐτοῦ
1879 2851 1976 2920 ὅλη
2016 2858 2020 2911 j
