2020 3198
313 149 424 202 224
991 149 1329 193 ΠΛΑΤΩΝΟΣ
1858 138 1861 139 ’
1944 114 2006 216 ’ω

322 271 534 338 δηλοῦν
565 267 656 322 καὶ
688 268 748 322 ἐν
778 276 845 339 τῇ
878 270 1073 340 δειλίᾳ,
1105 269 1136 322 ὃ
1169 269 1322 323 οὔπω
1356 270 1662 339 διήλθομεν
1693 267 1811 324 ἀλλ’
1839 253 2017 343 ὑπερὲῗ

250 369 285 414 c
317 356 544 426 έβημεν,
595 355 726 410 δέον
781 356 916 410 αὐτὸ
973 357 1105 426 μετὰ
1158 357 1260 425 τὴν
1302 363 1308 422 Ι
1352 356 1615 427 ἀνδρείαν
1668 357 1987 422 σκέψασθαι,

317 447 592 514 δοκοῦμεν
633 443 698 498 δέ
733 464 828 515 μοι
863 443 957 499 καὶ
995 446 1132 498 ἄλλα
1171 446 1348 498 πολλοὶ
1385 444 1831 515 ὑπερβεβηκέναι.
1868 445 1902 514 ἡ
1943 444 1992 498 δῖ

319 528 427 587 οὗν
467 534 643 586 δειλία
681 540 778 601 τῆς
814 539 994 602 ψυχῆς
1031 535 1286 602 σημαίνει
1327 534 1531 601 δεσμὸν
1570 529 1713 587 εἶναι
1751 535 2000 604 ἰσχυρόν*

313 622 375 674 τὸ
424 621 531 690 γὰρ
579 622 704 674 λίαν
753 622 909 691 ι’σχύς
957 623 1038 684 τίς
1081 621 1253 674 ἐστιν·
1300 622 1500 689 δεσμὸς
1538 616 1642 675 οὖν
1680 621 1710 675 ὁ
1748 624 1873 676 λίαν
1910 619 2004 685 καὶ

315 709 346 763 ὁ
387 709 642 778 μέγιστος
686 716 783 777 τῆς
829 715 1007 779 ψυχῆς
1043 708 1077 776 ἡ
1119 710 1296 762 δειλία
1335 707 1404 761 ἂν
1442 713 1549 777 εἴη·
1597 700 1872 781 ὥσπερῖἳγε
1910 707 1993 763 καὶ·

318 796 352 864 ἡ
396 797 597 867 ἀποριά
635 799 830 864 κακόν,
869 796 962 850 καὶ
999 804 1127 864 πᾶν,
1168 797 1241 860 ὡς
1280 797 1476 864 ἔοικεν,
1516 795 1600 849 ὄτι
1639 795 1709 849 ἂν
1747 795 2001 865 ἐμποδὼν

313 877 350 955 ᾗ
402 892 478 957 τῷ
530 883 671 937 ἰέναι
723 883 815 937 καὶ
859 885 1212 954 πορεύεσθαι.
1297 882 1446 937 τοῦτ’
1491 879 1594 937 οὗν
1641 886 1895 953 φαίνεται
1938 886 2000 936 τὸ

313 981 494 1035 κακῶς
542 971 685 1026 ι’έναι
734 973 971 1040 δηλοῦν,
1017 972 1079 1024 τὸ
1127 971 1428 1041 ἰσχομένως
1480 991 1537 1026 τε
1583 970 1675 1026 καὶ
1721 971 1998 1041 ἐμποδιζο-

308 1059 495 1129 μένως
532 1061 892 1131 πορεύεσθαι,
933 1059 962 1112 ὃ
1003 1060 1070 1128 δὴ
1110 1061 1258 1129 ,ψυχὴ
1299 1060 1431 1114 ὅταν
1463 1062 1576 1130 ἔχῃ,
1614 1062 1804 1123 κακίας
1833 1060 1999 1129 μεστὴ

314 1149 575 1215 γίγνεται.
654 1150 708 1202 εί
743 1147 793 1202 δ’
836 1146 924 1201 ἐπὶ
969 1148 1243 1211 τοιούτοις
1279 1148 1312 1216 ἡ
1353 1150 1514 1202 κακία
1552 1147 1702 1207 ἐστὶν
1738 1149 1972 1217 τοῦνομο

313 1235 643 1288 τούναντίον
691 1237 893 1290 τούτου
930 1236 964 1304 ἡ
1006 1236 1168 1307 ἀρετὴ
1209 1235 1278 1288 ἂν
1317 1241 1427 1304 εἴη,
1475 1245 1746 1306 σημαῖνον
1781 1245 1981 1307 πρῶτος

242 1331 283 1374 D
315 1320 416 1392 μὲν
475 1324 770 1394 εὐπορίαν,
815 1329 821 1389 Ι
863 1326 1047 1378 ἔπειτα
1106 1321 1167 1378 δὲ
1217 1323 1521 1393 λελυμένην
1569 1325 1672 1392 τὴν
1721 1324 1859 1394 ρόὴν
1906 1332 1970 1390 τῆ

316 1412 530 1480 ἀγαθῆς
586 1419 766 1481 ψυχῆς
824 1409 967 1466 εἶναι
1025 1413 1133 1480 ἀεί,
1193 1413 1330 1466 ὥστε
1386 1414 1448 1466 τὸ
1507 1412 1744 1482 ἀσχέτως
1798 1411 1890 1466 καὶ
1938 1433 1961 1464 τ

315 1498 606 1563 ἀκωλύτως
638 1499 722 1553 ἀεὶ
755 1499 884 1570 ῥέον
917 1500 1235 1568 ἐπωνυμίαν
1267 1504 1513 1569 εἴληφεν,
1546 1502 1620 1563 ὡς
1650 1503 1810 1568 ἔοικε,
1836 1508 1965 1554 τοῦτ

313 1587 572 1656 τοῦνομα.
650 1588 836 1659 ὀρθῶς
883 1586 984 1657 μὲν
1030 1590 1139 1658 ε”χει
1187 1588 1458 1657 ἀειρείτην
1508 1593 1720 1657 καλεῖν,
1762 1594 1894 1657 ἴσως
1940 1595 1971 1639 1⁹

315 1675 538 1745 αἱρετὴν
569 1674 734 1744 λέγει,
767 1676 842 1739 ὡς
874 1676 1044 1745 οὔσης
1077 1677 1276 1744 ταύτης
1305 1682 1402 1743 τῆς
1433 1674 1592 1739 ἕξεως
1616 1676 1942 1744 αἰρετωτάτφ,
1990 1695 1993 1698 ·

315 1765 745 1834 συγκεκρότηται
784 1760 844 1816 δὲ
883 1762 975 1817 καὶ
1013 1768 1254 1817 καλεῖται
1286 1763 1464 1834 ἀρετή.
1526 1762 1618 1816 καὶ
1656 1767 1787 1826 ἴσως
1824 1783 1952 1832 με

314 1853 512 1920 φήσεις
571 1853 851 1905 πλάττειν·
908 1851 1014 1920 ἐγὼ
1074 1850 1139 1905 δέ
1185 1871 1349 1921 φημι,
1404 1856 1555 1921 εἴπερ
1605 1850 1634 1904 ὃ
1684 1852 1949 1920 ἔμπροσθ’

238 1946 275 1990 Ε
313 1934 471 1992 εἷπον
508 1939 695 2011 ὀρθῶς
734 1941 868 2008 ἔχει,
908 1939 942 2007 ἡ
982 1941 1161 2007 κακία,
1200 1938 1293 1992 καὶ
1330 1946 1494 1993 τοῦτο
1533 1939 1594 1992 τὸ
1634 1939 1808 2007 ὄνομα
1845 1940 1945 2007 τὴν

315 2026 515 2098 ἀρετὴν
554 2027 739 2097 ὀρθῶς
778 2029 934 2096 ἔχειν.

193 2127 280 2167 416
459 2115 624 2169 ΕΡΜ.
709 2117 784 2169 Τὸ
833 2113 894 2169 δὲ
935 2116 1002 2183 δὴ
1043 2118 1229 2184 κακόν,
1271 2114 1342 2169 δι’
1390 2111 1457 2168 οὗ
1500 2114 1505 2186 Ι
1548 2115 1723 2168 πολλὰ
1759 2122 1870 2167 τῶν
1908 2114 1947 2181 ἔ(

311 2208 563 2272 προσθεν
602 2208 846 2274 εἴρηκας,
886 2206 944 2255 τί
979 2202 1048 2256 ἂν
1086 2212 1214 2258 νοοῖ
1247 2204 1514 2271 τοῦνομα;

462 2290 575 2343 Σῼ.
625 2291 864 2344 ’Ἀτοπόν
901 2310 954 2343 τι
991 2292 1060 2359 νὴ
1086 2293 1198 2343 Διά
1236 2293 1418 2359 ἔμοιγε
1459 2291 1614 2343 δοκεῖ
1639 2288 1730 2343 καὶ
1759 2290 1946 2357 χαλεπὲ

311 2381 626 2447 συμβαλεῖν.
691 2377 873 2445 ἐπάγω
907 2374 1010 2431 οὖν
1040 2378 1132 2431 καὶ
1163 2379 1338 2450 τούτῳ
1364 2376 1578 2445 ἐκείνην
1601 2378 1702 2443 τὴν
1732 2392 1939 2445 μηχανη

458 2465 623 2518 ΕΡΜ.
705 2467 887 2518 Ποίαν
931 2466 1158 2533 ταύτην;

461 2552 575 2605 ΣΩ.
640 2554 753 2621 Τὴν
778 2561 877 2607 τοῦ
902 2554 1239 2622 βαρβαρικόν
1263 2571 1315 2604 τι
1339 2551 1430 2605 καὶ
1454 2559 1616 2605 τοῦτο
1642 2553 1815 2621 φάναι
1839 2548 1950 2607 εἷνο

456 2640 620 2694 ΕΡΜ.
699 2640 809 2695 Καὶ
863 2642 1044 2704 ἔοικάς
1095 2660 1157 2709 γε
1212 2641 1397 2711 ὀρθῶς
1450 2640 1680 2709 λέγοντι.
1769 2640 1887 2694 ἀλλ’
1948 2684 1966 2694 ι

312 2730 487 2797 δοκεῖ,
535 2734 705 2781 ταῦτα
743 2725 844 2796 μὲν
884 2727 1081 2797 ἐῶμεν,
1128 2728 1189 2780 τὸ
1231 2724 1292 2781 δὲ
1330 2728 1501 2781 καλὸν
1538 2726 1629 2781 καὶ
1667 2729 1728 2781 τὸ
1768 2729 1978 2799 αἰσχρὸῑ

311 2817 629 2887 πειρώμεθα
670 2817 836 2884 ἰδεῖν,
874 2823 948 2887 πῇ
989 2816 1228 2884 εὐλόγως
1266 2816 1388 2884 ἔχει.
