2020 3198
250 170 357 223 166
925 170 1263 215 ΠΛΑΤῼΝΟΣ

394 289 534 344 LXI.
615 286 694 344 Τὰ
736 288 838 360 μὲν
878 281 982 344 οὖν
1023 289 1092 361 δὴ
1126 288 1265 345 ἄλλα
1296 288 1474 345 πολλά
1504 310 1564 345 τε
1593 288 1688 345 καὶ
1725 287 1935 361 μεγάλα

245 376 340 432 καὶ
386 374 712 432 παντοδαπὰ
762 375 1006 448 ῥεύματά
1047 379 1183 432 ἐστι·
1236 375 1498 449 τυγχάνει
1544 374 1595 432 δ’
1646 375 1755 450 ἄρα
1800 376 1936 434 ὄντα

248 467 308 521 ἐν
346 463 566 530 τούτοις
602 474 719 530 τοῖς
755 471 981 531 πολλοῖς
1018 463 1227 537 τέτταρ’
1270 463 1405 520 ἅττα
1443 464 1714 538 ῥεύματα,
1753 457 1834 522 οἷν
1871 465 1935 522 τὸ

248 551 350 624 μὲν
388 554 651 625 μέγιστον
685 552 780 608 καὶ
819 552 1065 620 ἐξωτάτω
1106 554 1236 625 ῥέον
1275 553 1401 626 περὶ
1445 553 1628 629 κύκλῳ
1669 551 1699 610 ὃ
1737 553 1938 611 καλού-

247 639 686 712 μενοςΏκεανός
710 643 878 713 ἐστιν,
902 641 1106 698 τούτου
1130 641 1194 698 δὲ
1215 639 1549 714 καταντικρὺ
1564 641 1658 696 καὶ
1675 643 1938 708 ἐναντίως

249 730 394 802 ῥέων
427 728 683 801 Ἀχέρων,
725 726 787 796 ὃς
826 727 901 785 δι’
946 731 1166 803 ἐρήμων
1204 750 1263 786 τε
1292 728 1479 786 τόπων
1505 732 1595 804 ῥεῖ
1629 728 1816 787 ἄλλων
1845 731 1939 786 καὶ

163 815 320 889 113ὃὴ
357 817 451 873 καὶ
488 816 597 874 ὑπὸ
638 821 746 890 γῆν
785 818 931 892 ῥέων
964 825 971 886 Ι
1007 822 1085 884 εἰς
1114 816 1216 890 τὴν
1256 822 1458 890 λίμνην
1491 817 1806 891 ἀφικνεῖται
1835 819 1939 891 τὴν

246 903 666 978 Ἀχερουσιάδα,
715 898 786 963 οὗ
832 908 895 961 αἱ
935 909 1049 962 τῶν
1098 906 1563 979 τετελευτηκότων
1609 907 1783 979 ψυχαὶ
1825 911 1939 964 τῶν

247 997 472 1051 πολλῶν
527 992 901 1067 ἀφικνοῦνται
944 1001 1043 1050 καί
1090 1016 1247 1061 τινας
1300 996 1665 1068 εἱμαρμένους
1702 995 1939 1069 χρόνους

249 1086 525 1154 μείνασαι,
557 1085 620 1138 αἱ
639 1082 741 1155 μὲν
765 1083 1156 1156 μακροτέρους,
1182 1084 1246 1138 αἱ
1273 1082 1336 1139 δὲ
1357 1084 1748 1157 βραχυτέρους,
1771 1083 1939 1140 πάλιν

250 1172 619 1243 ἐκπέμπονται
636 1175 714 1238 εἰς
730 1170 827 1238 τὰς
841 1175 954 1228 τῶν
973 1171 1128 1247 ζῴων
1143 1172 1398 1243 γενέσεις.
1421 1176 1603 1245 τρίτος
1621 1171 1683 1228 δὲ
1697 1171 1939 1244 ποταμὸς

248 1259 464 1317 τούτων
509 1259 647 1316 κατὰ
696 1262 867 1333 μέσον
915 1260 1190 1331 ἐκβάλλει,
1237 1260 1330 1315 καὶ
1377 1258 1540 1332 ἐγγὺς
1576 1263 1674 1332 τῆς
1712 1261 1940 1333 ἐκβολῆς

251 1351 494 1406 ἐκπίπτει
525 1353 603 1416 εἰς
625 1349 799 1407 τόπον
831 1350 1004 1421 μέγαν
1036 1349 1170 1422 πυρὶ
1193 1351 1378 1425 πολλῷ
1403 1347 1722 1421 καιόμενον,
1746 1349 1839 1405 καὶ
1862 1354 1941 1405 λί-

251 1461 398 1510 μνην
421 1449 574 1495 ποιεῖ
600 1444 762 1510 μείζω
786 1441 883 1510 τῆς
913 1436 1042 1510 παρ’
1072 1435 1207 1510 ἡμῖν
1230 1436 1527 1509 θαλάττης,
1555 1438 1784 1504 ζέουσαν
1807 1436 1940 1494 ὕδα-

249 1548 343 1593 τος
380 1527 474 1583 καὶ
511 1530 715 1599 πηλοῦ·
753 1529 1019 1583 ἐντεῦθεν
1059 1525 1122 1582 δὲ
1159 1536 1330 1598 χωρεῖ
1363 1525 1547 1600 κύκλῳ
1579 1524 1819 1599 θολερὸς
1849 1526 1942 1582 καὶ

198 1615 558 1690 ΒΙπηλώὸης,
612 1614 1083 1688 περιελιττόμενος
1137 1613 1200 1669 δὲ
1243 1617 1308 1686 τῇ
1355 1617 1426 1687 γῇ
1473 1612 1680 1670 ἄλλοσέ
1719 1635 1779 1670 τε
1816 1613 1943 1686 ἀφι-

251 1715 462 1761 κνεῖται
510 1704 604 1760 καὶ
652 1701 782 1777 παρ’
845 1707 1045 1775 ἔσχατα
1101 1705 1199 1774 τῆς
1247 1700 1671 1774 Ἀχερουσιάὸος
1725 1706 1940 1774 λίμνης,

254 1790 324 1848 ού
363 1792 815 1864 συμμιγνύμενος
851 1794 928 1866 τῷ
960 1789 1144 1846 υὸατι·
1183 1789 1548 1881 περιελιχθεὶς
1579 1788 1642 1845 δε
1679 1790 1942 1857 πολλάκις

253 1878 363 1937 ὑπὸ
404 1884 506 1953 γῆς
545 1879 804 1953 ἐμβάλλει
840 1879 1128 1953 κατωτέρω
1167 1882 1269 1934 τοῦ
1322 1871 1635 1951 Ταρτάρου·
1683 1871 1846 1945 οὗτος
1885 1878 1936 1934 δ’

256 1969 406 2026 ἐστὶν
454 1967 523 2025 ὃν
571 1967 1012 2040 ἐπονομάζουσιν
1059 1967 1587 2040 Πυριφλεγέθοντα,
1634 1959 1706 2023 οὗ
1750 1967 1843 2023 καὶ
1889 1969 1943 2023 οι

256 2058 456 2130 ῥύακες
493 2055 897 2129 άποσπάσματα
934 2054 1301 2127 άναφυσῶσιν
1342 2052 1448 2128 ὅπῃ
1488 2051 1559 2110 ἄν
1597 2053 1805 2127 τύχωσι
1847 2059 1943 2127 τῆς

255 2150 371 2220 γῆς.
447 2146 651 2203 τούτου
698 2145 761 2202 δὲ
806 2138 880 2201 αὖ
927 2143 1261 2217 καταντικρὺ
1310 2141 1339 2199 ὁ
1394 2144 1648 2214 τέταρτος
1702 2145 1943 2199 ἐκπίπτει

258 2238 336 2300 εἰς
373 2237 545 2291 τόπον
585 2239 808 2306 πρῶτον
856 2232 1047 2290 δεινόν
1084 2254 1142 2289 τε
1179 2232 1273 2287 καὶ
1318 2230 1543 2304 ἄγριον,
1591 2228 1668 2297 ὥς
1713 2232 1942 2303 λέγεται,

207 2327 451 2396 Οχρῶμα
492 2323 543 2378 δ’
588 2328 784 2395 ἔχοντα
823 2320 958 2378 ὅλον
998 2316 1122 2377 οἷον
1162 2318 1191 2376 ὁ
1231 2319 1455 2390 κυανός,
1489 2324 1498 2386 Ι
1533 2315 1601 2374 ὃν
1641 2319 1710 2390 δὴ
1751 2321 1943 2376 ἐπονο-

257 2411 491 2483 μάζουσι
531 2411 805 2482 Στύγιον,
843 2410 937 2465 καὶ
967 2408 1070 2480 τὴν
1102 2412 1324 2479 λίμνην,
1356 2405 1429 2478 ἢν
1461 2417 1610 2462 ποιεῖ
1637 2403 1667 2461 ὁ
1699 2406 1943 2479 ποταμὸς

259 2500 565 2572 ἐμβάλλων,
606 2498 818 2568 Στύγα·
860 2495 889 2553 ὁ
933 2496 983 2553 δ’
1037 2494 1287 2567 ἐμπεσὼν
1334 2497 1581 2551 ἐνταῦθα
1626 2495 1719 2550 καὶ
1758 2494 1944 2563 δεινὰς

260 2588 523 2660 δυνάμεις
578 2585 766 2658 λαβὼν
820 2588 882 2643 ἐν
941 2588 1016 2660 τῷ
1079 2583 1267 2654 ὕδατι,
1329 2581 1430 2649 δὺς
1481 2582 1620 2639 κατὰ
1675 2586 1772 2655 τῆς
1823 2587 1944 2655 γῆς,

259 2675 732 2750 περιελιττόμενος
791 2684 961 2747 χωρεῖ
1011 2675 1261 2737 ἐναντίος
1320 2674 1395 2746 τῷ
1458 2672 1943 2744 Πυριφλεγέθοντι

259 2767 352 2823 καὶ
406 2765 622 2836 ἀπαντᾷ
679 2765 740 2819 ἐν
794 2766 859 2836 τῇ
907 2759 1288 2834 Ἀχερουσιάδι
1341 2763 1507 2832 λίμνῃ
1563 2760 1617 2826 ἐξ
1668 2761 1943 2826 ἐναντίας·

260 2856 355 2912 καὶ
396 2853 531 2912 οὐδὲ
568 2850 631 2908 τὸ
671 2850 873 2908 τούτου
911 2850 1066 2919 ὕδωρ
1108 2847 1301 2906 οὐδενὶ
1339 2853 1623 2920 μίγνυται,
1671 2845 1812 2904 ἀλλὰ
1851 2847 1941 2903 καὶ
