2020 3198
867 159 1110 203 ΦΑΙΔΩΝ.
1726 161 1833 212 157

155 296 275 331 τιον
315 273 418 331 οὐκ
455 274 783 345 ἀνώλεθρόν
831 276 1001 330 ἐστιν·
1049 276 1164 331 ἐπεὶ
1210 279 1261 332 εἰ
1303 279 1469 333 τοῦτο
1509 273 1834 348 ὡμολόγητο

155 359 314 433 ἡμῖν,
367 365 572 437 ῥᾳδίως
624 359 695 419 ἂν
751 361 1152 434 διεμαχόμεθα,
1209 361 1293 419 ὅτι
1347 363 1683 429 ἐπελθόντος
1733 366 1835 420 τοῦ

155 447 352 522 ἀρτίου
373 450 435 507 τὸ
459 449 714 524 περιττὸν
736 451 826 506 καὶ
851 449 918 506 τὰ
940 456 1066 522 τρία
1087 459 1291 523 οἴχεται
1312 450 1572 508 ἀπιόντα·
1597 453 1690 509 καὶ
1710 453 1835 523 περὶ

155 537 330 611 πυρὸς
365 539 457 594 καὶ
490 542 706 611 θερμοῦ
747 539 840 594 καὶ
881 542 992 594 τῶν
1029 537 1214 595 ἄλλων
1258 539 1435 606 οὕτως
1469 537 1542 596 ἂν
1582 540 1835 612 διεμαχό-

155 633 316 696 μεθα.
364 624 400 698 ἢ
426 625 542 694 01’53'
568 626 735 683 επάνυ
759 627 860 698 μὲν
885 620 1024 683 οὖν.’
1080 626 1311 684 εοὐκοῦν
1334 629 1429 683 καὶ
1452 631 1562 684 νῦν
1585 629 1710 700 περὶ
1732 631 1834 684 τοῦ

156 712 464 785 ἀθανάτου,
483 717 533 770 εἰ
555 714 656 786 μὲν
682 713 817 786 ἡμῖν
842 712 1191 785 ὁμολογεῖται
1210 715 1301 770 καὶ
1322 712 1651 788 ἀνώλεθρον
1673 713 1835 786 εἶναι,

156 800 302 873 ψυχὴ
340 798 412 857 ἂν
451 809 534 873 εἴη
573 801 711 873 πρὸς
747 806 822 878 τῷ
862 800 1148 869 ἀθάνατος
1183 801 1328 859 εἶναι
1356 804 1451 859 καὶ
1489 801 1835 876 ἀνώλεθρος·

158 889 166 962 Ι
193 892 244 944 εἰ
273 888 335 944 δὲ
364 888 457 960 μή,
489 888 663 945 ἄλλου
686 886 759 945 ἂν
785 890 902 945 δέοι
924 891 1130 961 λόγου.’
1178 889 1319 946 “ἀλλ’
1349 889 1518 947 οὐδὲν
1551 893 1672 961 δεῖ,’
1706 895 1887 962 ἔφη,])

157 976 376 1033 ετούτου
413 998 477 1048 γε
515 978 694 1034 ἕνεκα·
743 981 913 1050 σχολῇ
953 976 1059 1050 γὰρ
1100 977 1172 1034 ἅν
1219 1001 1272 1034 τι
1312 978 1448 1035 ἄλλο
1493 978 1721 1051 φθορὰν
1761 978 1834 1050 μὴ

157 1065 389 1138 δέχοιτο,
420 1071 476 1120 εἴ
499 1087 563 1136 γε
591 1064 655 1120 τὸ
688 1064 980 1122 ἀθάνατον
1012 1065 1200 1123 ἀΐδιον
1237 1063 1304 1123 ὃν
1329 1067 1560 1141 φθορὰν
1593 1068 1834 1134 δε’ξεται.’

301 1155 440 1209 LVI.
517 1151 593 1208 “0
640 1154 705 1209 δέ
747 1175 808 1223 γε
846 1153 1005 1224 θεός,
1046 1152 1238 1225 οἶμαι,’
1278 1159 1384 1227 ἔφη
1434 1154 1463 1211 ὁ
1512 1155 1834 1226 Σωκράτης,

157 1241 268 1296 εκαὶ
308 1239 443 1296 αὐτὸ
485 1239 546 1296 τὸ
588 1244 686 1312 τῆς
725 1244 863 1312 ζωῆς
902 1240 1049 1307 εἶδος
1088 1242 1180 1298 καὶ
1213 1248 1345 1298 εἴτι
1375 1242 1511 1299 ἄλλο
1544 1242 1836 1299 ἀθάνατόν

157 1331 325 1400 ἐστιν,
362 1328 510 1402 παρὰ
550 1329 775 1385 πάντων
814 1326 884 1385 ἄν
932 1327 1305 1401 ὁμολογηθείη
1353 1333 1625 1402 μηδέποτε
1669 1330 1838 1387 ἀπόλ-

156 1419 396 1473 λυσθαι.’
475 1416 640 1490 επαροὶ
678 1418 903 1473 πάντων
930 1418 1118 1488 μέντοι
1149 1417 1221 1489 νὴ
1254 1416 1391 1487 Δί’,’
1432 1422 1557 1490 ἔφη,
1596 1416 1837 1491 (ἀνθρώ-

156 1524 276 1561 πων
315 1505 376 1560 τέ
409 1526 472 1575 γε
516 1505 610 1560 καὶ
655 1509 733 1560 ἔτι
780 1508 1016 1576 μᾶλλον,
1064 1503 1138 1571 ὥς
1177 1499 1408 1581 ἐγῷμαι,
1454 1506 1602 1579 παρὰ
1647 1507 1835 1562 θεῶν.’

157 1591 342 1649 “ὁπότε
382 1592 450 1664 δὴ
488 1592 550 1649 τὸ
590 1591 880 1649 ἀθάνατον
917 1593 1010 1648 καὶ
1049 1591 1411 1667 ἀδιάφθορόν
1446 1595 1455 1666 Ι
1488 1595 1656 1664 ἐστιν,
1695 1594 1886 1651 ἅλλοΕ

156 1703 208 1736 τι
245 1680 394 1752 ψυχὴ
427 1679 481 1752 ἥ,
521 1684 572 1736 εἰ
601 1679 885 1746 ἀθάνατος
907 1680 1167 1752 τυγχάνει
1200 1675 1359 1751 οὖσα,
1390 1682 1484 1737 καὶ
1513 1680 1837 1756 ἀνώλεθρος

158 1765 229 1824 ἂν
269 1771 398 1839 εῐη;’
439 1767 632 1839 επολλὴ
674 1767 922 1840 ἀνάγκη.’
1000 1768 1271 1835 ε«ἐπιόντος
1309 1768 1419 1841 ἄρα
1455 1770 1710 1826 θανάτου
1749 1771 1837 1827 ἐπὶ

157 1854 255 1912 τὸν
293 1854 600 1928 ἄνθρωπον
637 1855 699 1911 τὸ
741 1856 843 1926 μὲν
874 1855 1107 1927 θνητόν,
1147 1854 1222 1921 ὡς
1254 1860 1450 1928 ἔοικεν,
1491 1855 1664 1914 αὐτοῦ
1703 1857 1836 1914 ἀπο-

157 1942 409 2016 θνῄσκει,
447 1941 510 1998 τὸ
552 1941 603 1998 δ’
647 1941 939 1999 ἀθάνατον
970 1947 1085 1999 σῶν
1116 1943 1209 1998 καὶ
1241 1942 1600 2017 ἀδιάφθορον
1631 1951 1838 2017 οἴχεται

159 2029 343 2100 ἀπιόν,
380 2028 776 2103 ὑπεκχωρῆσαν
814 2034 890 2106 τῷ
929 2030 1194 2106 θανάτῳ.’
1249 2032 1557 2101 *φαίνεταιῖ
1613 2033 1838 2100 επαντὸς

158 2122 371 2187 μᾶλλον
417 2116 570 2190 ἱέραξ
626 2122 757 2189 ἔφη,
814 2112 878 2174 ‘03
925 2119 1134 2189 Κέβης,
1197 2118 1345 2190 ψυχὴ
1399 2118 1691 2176 ἀθάνατον
1743 2122 1836 2177 καὶ

162 2203 544 2280 Ιάνώλεθρον,
582 2208 675 2260 καὶ
712 2209 787 2281 τῷ
828 2203 950 2262 ὄντι
996 2210 1217 2261 ἔσονται
1263 2204 1423 2278 ἡμῶν
1470 2211 1533 2263 αἱ
1564 2208 1736 2280 ψυχαὶ
1775 2211 1921 2265 ἐν107

152 2291 374 2350 Ἀιδουῖ
443 2291 670 2349 εοὔκουν
703 2297 890 2364 ἔγωγε,
930 2286 973 2349 ὦ
1006 2294 1334 2366 Σώκρατες,’
1374 2298 1498 2366 ἔφη,
1532 2296 1656 2366 εἔχω
1688 2295 1835 2369 παρὰ

158 2374 339 2437 ταῦτα’
378 2379 513 2437 ἄλλο
561 2400 612 2436 τι
651 2382 831 2452 λέγειν
881 2379 1017 2437 οὐδέ
1058 2399 1132 2454 πῃ
1180 2378 1430 2437 ἀπιστεῖν
1474 2389 1589 2447 τοῖς
1634 2382 1835 2454 λόγοις.

161 2465 279 2524 ἀλλ’
336 2470 387 2523 εἰ
435 2459 504 2538 δῆ
554 2489 607 2522 τι
657 2472 900 2539 Σιμμίας
947 2465 983 2538 ἥ
1032 2489 1114 2533 τις
1162 2467 1328 2532 ἄλλος
1375 2472 1481 2539 ἔχει
1528 2470 1734 2540 λέγειν,
1774 2464 1838 2526 εὖ

162 2559 270 2626 ἔχει
301 2553 374 2625 μὴ
404 2557 786 2626 κατασιγῆσαι·
827 2552 901 2620 ὥς
933 2552 1035 2610 οὐκ
1067 2552 1194 2610 οἶδα
1226 2558 1304 2620 εἰς
1335 2553 1530 2611 ὅντινά
1560 2579 1642 2622 τις
1665 2556 1838 2613 ἄλλον

159 2640 357 2713 καιρὸν
408 2639 773 2711 ἀναβάλλοιτο
831 2637 865 2712 ἢ
915 2640 1014 2697 τὸν
1070 2645 1178 2698 νῦν
1228 2642 1500 2714 παρόντα,
1551 2644 1674 2716 περὶ
1723 2647 1835 2700 τῶν

159 2726 430 2784 τοιούτων
470 2727 807 2799 βουλόμενος
851 2727 886 2799 ἥ
931 2751 983 2784 τι
1029 2732 1201 2784 εἰπεῖν
1247 2725 1282 2799 ἢ
1329 2727 1598 2785 ἀκοῦσαιῖ
1676 2728 1834 2785 “ἀλλά

159 2814 308 2887 μήν,’
332 2808 368 2885 ’ἦ
402 2812 452 2870 δ’
490 2812 551 2878 ὃς
581 2813 610 2870 ὁ
644 2819 901 2885 Σιμμίας,
942 2813 1085 2870 *οὐδ’
1122 2814 1287 2881 αὐτὸς
1320 2821 1441 2887 ἔχω,
1484 2815 1589 2889 ὅπῃ
1624 2815 1832 2873 ἀπιστῶ
