2020 3198
280 162 384 215 188
950 164 1289 207 ΠΛΑΤῼΝΟΣ
1908 172 1963 212 14

424 282 591 336 EPM.
664 280 827 336 Ἀλλά
866 283 976 353 μὴν
1015 282 1268 353 ἐπιθυμῶ
1307 303 1370 352 γε
1410 283 1630 338 εἰδέναι.

428 369 544 424 Σῼ.
622 373 834 424 Σκόπει
870 374 1077 426 τοίνυν.

426 459 593 513 ΕΡΜ.
675 463 806 523 Πῶς
845 455 948 514 οὖν
986 461 1088 531 χρὴ
1130 470 1378 526 σκοπεῖν;

426 546 542 601 ΣΩ.
609 545 911 618 Ὀρθοτάτη
950 546 1050 617 μὲν
1087 555 1184 618 τῆς
1224 549 1482 617 σκέψεως,
1522 546 1566 603 ὦ
1598 548 1792 621 ἑταῖρε,
1832 552 1964 621 μετὰ

275 644 389 690 τῶν
428 634 820 705 ἐπισταμένων,
859 638 1107 707 χρήματα
1138 636 1368 701 ἐκείνοις
1398 642 1662 692 τελοῦντα
1692 638 1784 692 καὶ
1813 641 1964 710 χάρι-

276 744 373 788 τας
411 722 859 793 κατατιθέμενον.
930 722 1037 777 εἰσὶ
1076 721 1137 778 δὲ
1177 720 1331 778 οὗτοι
1371 726 1430 779 οἰ
1456 729 1732 796 σοφισταί,
1772 720 1964 798 οἷσπερ

209 821 244 867 C
275 811 368 866 καὶ
415 812 444 866 ὁ
493 812 733 882 ἀδελφός
781 825 885 865 σου
924 814 1168 875 Καλλίας
1202 817 1208 875 Ι
1243 815 1419 867 πολλὰ
1461 813 1682 878 τελέσας
1717 819 1965 885 χρήματα

276 902 451 971 σοφὸς
506 902 661 954 δοκεῖ
711 895 868 953 εἶναι.
954 898 1141 968 ἐπειδὴ
1197 898 1258 954 δὲ
1305 901 1407 955 οὐκ
1452 901 1715 972 ἐγκρατὴς
1760 900 1813 957 εἷ
1853 913 1964 958 τῶν

274 988 562 1062 πατρῴων,
595 993 847 1058 λιπαρεῖν
877 989 981 1059 χρὴ
1013 989 1112 1042 τὸν
1144 988 1389 1059 ἀδελφὸν
1419 989 1511 1044 καὶ
1543 992 1765 1045 δεῖσθαι
1791 992 1964 1047 αὐτοῦ

276 1078 493 1143 διδάξαι
525 1090 585 1130 σε
616 1076 718 1145 τὴν
751 1076 1028 1146 ὀρθότητα
1058 1075 1184 1148 περὶ
1211 1086 1322 1131 τῶν
1345 1079 1632 1148 τοιούτων,
1661 1079 1733 1149 ἣν
1757 1082 1964 1150 ἔμαθεν

273 1168 421 1238 παρὰ
462 1167 858 1237 Πρωταγόρου.

420 1254 585 1307 ΕΡΜ.
641 1252 876 1317 ’Άτοπος
914 1252 1063 1324 μέντ’
1109 1253 1179 1308 ἂν
1217 1260 1302 1324 εἴη
1337 1275 1464 1325 μου,
1504 1252 1547 1310 ὦ
1580 1257 1887 1327 Σώκρατες,
1926 1257 1961 1326 ἡ

275 1340 486 1411 δέησις,
541 1343 594 1395 εἰ
634 1343 737 1411 τὴν
783 1339 884 1412 μὲν
932 1342 1203 1412 ἀλήθειαν
1251 1344 1354 1412 τὴν
1402 1347 1779 1416 Πρωταγόρου
1824 1346 1961 1410 ὅλως

275 1430 378 1484 οὐκ
425 1429 787 1499 ἀποδέχομαι,
834 1431 901 1483 τὰ
952 1428 1012 1484 δὲ
1057 1439 1124 1502 τῇ
1171 1433 1396 1503 τοιαύτῃ
1445 1433 1679 1505 ἀληθείᾳ
1722 1433 1964 1504 ῥηθέντα

274 1517 540 1590 ἀγαπῴην
580 1518 654 1581 ὥς
692 1537 793 1572 του
833 1518 969 1584 ἄξια.

422 1605 537 1659 ΣΩ.
627 1604 771 1659 Ἀλλ’
832 1607 884 1660 εἰ
934 1607 1007 1676 μὴ
1063 1603 1134 1661 αὗ
1189 1622 1250 1662 σε
1303 1617 1474 1662 ταῦτα
1528 1609 1775 1680 ἀρέσκει,
1828 1609 1957 1682 παρ’

198 1708 239 1754 D
266 1696 504 1765 Ὁμήρου
534 1695 638 1765 χρὴ
675 1695 681 1762 Ι
715 1695 1026 1764 μανθάνειν
1056 1694 1149 1749 καὶ
1179 1698 1327 1766 παρὰ
1356 1706 1468 1750 τῶν
1497 1698 1678 1751 ἄλλων
1701 1709 1958 1768 ποιητῶν.

417 1782 585 1836 ΕΡΜ.
663 1781 774 1836 Καὶ
819 1785 878 1836 τί
911 1781 1083 1852 λέγει,
1131 1780 1174 1837 ὦ
1213 1785 1531 1855 Σώκρατες,
1562 1782 1801 1856 Ὅμηρος
1837 1787 1963 1858 περὶ

272 1869 585 1939 ὀνομάτων,
627 1870 721 1924 καὶ
757 1879 892 1937 ποῦς

422 1957 539 2012 ΣΩ.
618 1962 939 2029 Πολλαχοῦ·
977 1959 1205 2030 μέγιστα
1248 1957 1310 2014 δὲ
1347 1959 1440 2015 καὶ
1478 1962 1740 2015 κάλλιστα
1779 1962 1840 2016 ἐν
1879 1957 1962 2027 οἷς

273 2047 498 2117 διορίζει
553 2045 642 2100 ἐπὶ
694 2057 810 2111 τοῖς
863 2047 1052 2111 αὐτοῖς
1097 2049 1133 2101 δι’
1176 2068 1235 2102 τε
1282 2049 1341 2102 οἰ
1382 2050 1673 2120 ἄνθρωποι
1719 2050 1961 2120 ὀνόματα

271 2138 504 2188 καλοῦσι
548 2133 642 2188 καὶ
688 2136 747 2189 οἰ
785 2139 926 2190 θεοί.
1003 2135 1037 2205 ἢ
1085 2136 1188 2190 οὐκ
1234 2142 1338 2191 οἴει
1384 2138 1554 2191 αὐτὸν
1599 2137 1737 2207 μέγα
1779 2158 1833 2192 τι
1869 2139 1961 2193 καὶ

271 2223 591 2290 θαυμάσιον
622 2223 804 2291 λέγειν
836 2224 897 2278 έν
926 2225 1144 2287 τούτοις
1170 2224 1295 2295 περὶ
1319 2225 1606 2294 ὀνομάτων
1630 2226 1952 2295 ὀρθότητος;

274 2310 447 2377 δῆλον
499 2311 606 2381 γὰρ
662 2312 730 2379 δὴ
787 2312 871 2365 ὅτι
925 2313 984 2365 οἳ
1033 2332 1096 2380 γε
1148 2312 1276 2366 θεοὶ
1330 2313 1469 2366 αὐτὰ
1512 2318 1779 2367 καλοῦσιν
1822 2317 1959 2385 πρὸς

202 2410 239 2454 Ε
273 2396 551 2467 ὀρθότητα
598 2398 735 2467 ἅπερ
782 2397 897 2451 ἐστὶ
945 2400 1111 2467 φύσει
1157 2400 1424 2468 ὀνόματα·
1458 2404 1467 2464 Ι
1499 2400 1533 2468 ἢ
1579 2403 1650 2454 σὺ
1689 2402 1790 2454 οὐκ
1827 2407 1953 2467 οἴει;

419 2484 584 2537 ΕΡΜ.
662 2480 747 2538 Εὖ
795 2481 921 2538 οἶδα
967 2483 1067 2554 μὲν
1113 2481 1216 2538 οὗν
1254 2488 1442 2554 ἔγωγε,
1482 2491 1633 2558 εἴπερ
1671 2493 1955 2559 καλοῦσιν,

273 2572 358 2626 ὅτι
396 2571 582 2643 ὀρθῶς
618 2577 897 2627 καλοῦσιν.
976 2573 1113 2626 ἀλλὰ
1150 2583 1281 2627 ποῖα
1318 2582 1488 2628 ταῦτα
1527 2574 1725 2643 λέγεις;

423 2659 538 2713 Σῼ.
612 2660 729 2714 Οὐκ
767 2657 936 2715 οἶσθα
976 2662 1059 2715 ὅτι
1097 2660 1222 2731 περὶ
1257 2669 1357 2714 τοῦ
1388 2670 1636 2732 ποταμοῦ
1667 2672 1767 2718 τοῦ
1799 2663 1859 2718 ἐν
1888 2671 1954 2735 τῇ

282 2751 470 2821 Τροίᾳ,
510 2748 570 2812 ὃς
608 2747 933 2818 ἐμονομάχει
970 2757 1044 2822 τῷ
1077 2748 1378 2822 “Ηφαίο·τῳ,
1419 2750 1484 2804 ὃν
1516 2751 1760 2820 Ξάνθον,
1799 2754 1955 2822 φησί,

274 2836 534 2891 καλέουσι
570 2839 722 2905 θεοί,
763 2838 960 2908 ἄνδρες
992 2835 1052 2891 δὲ
1091 2839 1488 2909 Σκάμανδρον;
