2020 3198
250 161 323 213 90
911 166 1248 210 ΠΛΑΤΩΝΟΣ

397 281 492 336 VI.
562 280 748 338 Ἵζατά
778 287 836 338 τί
861 281 930 355 δὴ
968 277 1071 340 οὖν
1102 305 1232 341 ποτε
1265 283 1335 341 οὔ
1366 301 1503 356 φασι
1533 285 1767 358 θεμιτὸν
1791 283 1933 343 εἶναι
1991 344 1994 346 ,

250 365 426 423 αὐτὸν
481 367 681 426 ἑαυτὸν
728 369 1154 445 ἀποκτιννύναι,
1208 366 1252 430 ὦ
1301 374 1618 447 Σώκρατες;
1671 374 1780 447 ἤδη
1827 374 1935 447 γὰρ

250 457 448 527 ἔγωγε,
490 455 623 530 ὅπερ
662 461 772 515 νῦν
811 458 881 531 δὴ
922 459 992 516 σὺ
1031 459 1197 533 ἤρου,
1244 462 1337 517 καὶ
1381 461 1666 518 Φιλολάου
1702 461 1934 534 ἤκουσα,

250 541 340 600 ὅτε
378 544 508 618 παρ’
550 544 685 618 ἡμῖν
725 551 975 621 διῃτᾶτο,
1014 548 1123 620 ἤδη
1171 549 1234 605 δὲ
1271 550 1364 606 καὶ
1403 548 1588 606 ἄλλων
1625 553 1822 621 τινῶν,
1862 548 1937 616 ὥς
2004 560 2009 590 ³

251 631 320 688 οὐ
360 635 477 691 δέοι
515 640 678 693 τοῦτο
725 648 928 694 ποιεῖν·
976 638 1147 710 σαφὲς
1194 638 1256 694 δὲ
1301 638 1425 711 περὶ
1471 637 1656 695 αὐτῶν
1704 638 1936 705 οὐδενὸς
2004 660 2007 661 ’

175 733 231 775 62
248 720 467 779 πώποτε
529 722 698 781 οὐδὲν
759 724 1005 798 ἀκήκοα.’
1041 729 1047 797 Ι
1085 724 1251 782 “ἀλλο“ι
1304 735 1724 800 προθυμεῖσθαι
1783 726 1935 800 χρή,’

249 812 376 881 ἔφη·
405 810 568 883 ετάχα
591 811 700 886 γὰρ
725 810 798 870 ἂν
821 817 912 870 καὶ
936 812 1216 881 ἀκούσαις.
1242 821 1374 880 ἴσως
1397 816 1587 886 μέντοι
1602 814 1934 886 θαυμαστόν
2007 823 2012 876 ζ

249 912 339 953 σοι
357 910 632 971 φανεῖται,
651 905 701 957 εἰ
717 904 883 958 τοῦτο
901 902 1081 974 μόνον
1097 905 1210 960 τῶν
1227 901 1413 959 ἄλλων
1438 901 1701 959 ἁπάντων
1718 901 1934 959 ἁπλοῦν

249 987 398 1042 ἐστιν
435 988 530 1044 καὶ
570 986 835 1046 οὐδέποτε
863 990 1123 1063 τυγχάνει
1161 994 1237 1068 τῷ
1269 989 1579 1067 ἀνθρώπῳ,
1619 989 1802 1064 ὥσπερ
1840 991 1934 1047 καὶ
2006 1019 2009 1030 2

246 1069 445 1148 τᾶλλα,
486 1080 636 1133 ἔστιν
677 1076 768 1134 ὅτε
804 1078 897 1134 καὶ
937 1074 1020 1145 οἷς
1049 1080 1269 1149 βέλτιον
1306 1078 1578 1136 τεθνάναι
1615 1076 1650 1151 ἢ
1691 1083 1810 1152 ζῆν·
1851 1075 1934 1146 οἷς

248 1163 311 1220 δὲ
349 1166 569 1235 βέλτιον
613 1165 914 1236 τεθνάναι,
967 1165 1298 1238 θαυμαστὸν
1345 1175 1477 1233 ἴσως
1523 1183 1614 1223 σοι
1659 1173 1932 1239 φαίνεται,

248 1256 299 1308 εἰ
334 1252 553 1320 τούτοις
590 1265 707 1320 τοῖς
753 1253 1079 1324 ἀνθρώποις
1125 1254 1198 1327 μὴ
1248 1253 1408 1313 ὅσιον
1454 1254 1659 1322 αὐτοὺς
1703 1254 1934 1322 ἑαυτοὺς

247 1334 311 1396 εὖ
349 1351 550 1411 ποιεῖν,
590 1340 731 1398 ἀλλὰ
773 1341 945 1399 ἄλλον
986 1347 1074 1400 δεῖ
1107 1345 1421 1417 περιμένειν
1461 1343 1794 1417 εύεργέτην.’
1839 1345 1933 1400 καὶ
2014 1387 2017 1417 ;

248 1427 277 1485 ὁ
333 1430 519 1502 Κέβης
579 1427 755 1503 ἠρέμα
818 1431 1164 1503 ἐπιγελάσας·
1233 1435 1384 1497 εἴττω
1442 1433 1628 1503 Ζεύς,’
1698 1437 1804 1505 ἔφη
1865 1436 1931 1506 τῇ

247 1515 422 1573 αὑτοῦ
476 1522 638 1593 φωνῇ
695 1519 881 1576 εἰπών.
959 1522 1076 1576 ςκαὶ
1129 1520 1236 1593 γὰρ
1292 1518 1364 1576 ἂν
1419 1520 1683 1592 δόξειεν,’
1737 1525 1843 1593 ἔφη
1899 1519 1929 1577 ὁ
2011 1534 2014 1538 ’

194 1601 835 1681 ΒΙΣωκράτηςξᾸὍῦτω
881 1606 935 1679 γ’
986 1606 1131 1664 εἶναι
1177 1608 1406 1681 ἄλογον·
1456 1608 1523 1665 οὐ
1571 1611 1760 1681 μέντοι
1803 1605 1927 1666 ἀλλ’

248 1702 379 1762 ἴσως
415 1695 469 1767 γ’
522 1700 631 1768 ἔχει
676 1695 801 1752 τινὰ
847 1696 1033 1768 λόγον.
1112 1695 1141 1753 ὁ
1190 1698 1291 1769 μὲν
1339 1690 1443 1754 οὗν
1489 1695 1552 1753 ἐν
1599 1695 1930 1770 ἀπορρήτοις

246 1783 545 1856 λεγόμενος
606 1784 732 1857 περὶ
793 1781 979 1840 αὐτῶν
1040 1784 1230 1856 λόγος,
1294 1783 1369 1851 ὥς
1429 1789 1491 1841 ἔν
1542 1806 1654 1842 τινι
1706 1789 1929 1858 φρουρᾷ

246 1871 413 1945 ἐσμεν
463 1874 522 1929 οἰ
557 1871 855 1946 ἅνθρωποι
893 1874 985 1929 καὶ
1026 1871 1094 1929 οὐ
1135 1876 1224 1930 δεῖ
1267 1873 1336 1945 δὴ
1378 1872 1578 1930 ἑαυτὸν
1624 1873 1685 1931 ἐκ
1729 1874 1929 1945 ταύτης

245 1961 401 2019 λύειν
442 1960 565 2018 οὐδ’
610 1960 1072 2034 ἀποδιδράσκειν,
1123 1963 1290 2034 μέγας
1326 1963 1388 2019 τέ
1421 1967 1502 2028 τίς
1539 1984 1635 2035 μοι
1671 1967 1928 2035 φαίνεται
2006 1976 2020 2025 ξ

243 2050 337 2106 καὶ
377 2050 447 2107 οὐ
494 2050 691 2124 ῥᾴδιος
737 2054 959 2107 διιδεῖν·
1017 2048 1085 2107 οὐ
1133 2052 1320 2121 μέντοι
1366 2049 1508 2106 ἀλλὰ
1554 2050 1681 2107 τόδε
1725 2052 1792 2122 γέ
1833 2073 1927 2123 μοι

245 2143 422 2211 δοκεῖ,
472 2134 516 2197 ὦ
563 2141 773 2212 Κέβης,
821 2132 884 2196 εὖ
930 2140 1216 2210 λέγεσθαι,
1262 2137 1325 2195 τὸ
1373 2137 1544 2204 θεοὺς
1589 2136 1733 2195 εἶναι
1769 2136 1928 2211 ἡμῶν
2007 2131 2020 2202 {3

242 2227 375 2294 τοὺς
407 2226 873 2299 ἐπιμελουμένους
903 2228 996 2283 καὶ
1026 2225 1170 2299 ἡμᾶς
1200 2225 1331 2293 τούς
1362 2225 1700 2300 ἀνθρώπους
1723 2230 1784 2283 ἓν
1813 2230 1927 2284 τῶν
2007 2253 2020 2313 ³}

242 2314 534 2386 κτημάτων
581 2325 699 2380 τοῖς
744 2323 902 2380 θεοῖς
949 2312 1106 2371 εἶναι.
1166 2310 1202 2385 ἢ
1251 2314 1340 2370 σοὶ
1388 2313 1658 2371 οὐνδοκεῑ·
1700 2313 1925 2382 οὕτως;’
2003 2311 2009 2395 ’Ἴ

245 2404 512 2475 “ἕμοιγε,’
569 2402 743 2474 φησὶν
799 2400 828 2458 ὁ
884 2403 1083 2474 Κέβης.
1155 2401 1444 2473 ὀὐκοῦν,’
1489 2396 1525 2474 ἦ
1573 2402 1624 2459 δ’
1675 2401 1759 2474 ὅς,
1809 2403 1926 2459 εκαὶ
2006 2397 2010 2401 ’

193 2489 347 2566 01σὺ
386 2488 459 2546 ἂν
497 2494 610 2547 τῶν
650 2493 861 2546 σαυτοῦ
899 2489 1191 2561 κτημάτων
1230 2497 1285 2546 εἴ
1322 2511 1375 2546 τι
1406 2489 1540 2547 αὐτὸ
1581 2489 1742 2547 ἑαυτὸ
1792 2489 1926 2548 ἀπο-

241 2576 510 2649 κτιννύοι,
542 2576 616 2649 μὴ
649 2576 1000 2649 σημήναντός
1024 2593 1129 2634 σου
1153 2575 1237 2634 ὅτι
1261 2577 1451 2648 βούλει
1476 2576 1612 2635 αὐτὸ
1636 2578 1924 2650 τεθνάναι,

161 2674 170 2681 ’
240 2671 592 2739 χαλεπαίνοις
653 2662 725 2721 ἂν
779 2662 955 2741 αὐτῷ,
1014 2665 1107 2721 καὶ
1162 2672 1217 2722 εἴ
1263 2687 1389 2722 τινα
1443 2670 1587 2738 ἔχοις
1637 2672 1925 2742 τιμωρίαν,
1976 2706 1980 2710 -

240 2764 504 2826 τιμωροῖο
553 2751 680 2821 ἄν;’
736 2753 910 2809 επάνυ
948 2751 1059 2824 γ’,’
1114 2758 1234 2826 ἔφη.
1314 2755 1471 2820 εἴσως
1515 2759 1710 2811 τοίνυν
1754 2758 1924 2830 ταύτῃ
2006 2819 2007 2822 ¹

241 2840 344 2898 οὐκ
389 2840 625 2913 ἄλογον,
672 2839 745 2915 μὴ
793 2840 1064 2915 πρότερον
1111 2839 1286 2897 αὑτὸν
1341 2839 1740 2900 ἀποκτιννύναι
1786 2847 1925 2916 δεῖν,
2003 2842 2010 2855 ”

2004 1127 2020 1365 *fin-ij
