2020 3198
238 141 309 195 88
912 143 1253 188 ΠΛΑΤῼΝΟΣ
1968 0 2020 321 1

173 258 342 333 Βγάρ
380 264 469 315 τοι
504 262 618 316 τῶν
653 261 661 331 Ι
694 259 1017 332 ποιημάτων
1057 253 1139 316 ὦν
1177 267 1477 332 πεποίηκας
1515 262 1761 326 ἐντείνας
1788 257 1918 325 τοὺς

233 349 336 403 τοῦ
368 347 639 405 Αἰσώπου
668 348 872 420 λόγους
901 349 994 404 καὶ
1016 347 1081 405 τὸ
1115 352 1193 416 εἰς
1223 347 1322 405 τὸν
1355 347 1599 405 Ἀπόλλω
1622 353 1918 422 προοίμιον

233 434 328 491 καὶ
381 433 558 506 ἄλλοις
595 437 742 503 τινές
794 458 861 508 με
913 435 1022 508 ῆδη
1078 435 1311 510 ἤροντο,
1367 435 1505 510 ἀτὰρ
1558 437 1653 492 καὶ
1701 434 1919 507 Εὔηνος
2006 428 2015 450 5

234 522 455 599 πρῴην,
522 521 607 581 ὅτι
668 523 801 580 ποτὲ
854 527 1203 596 διανοηθείς,
1266 523 1454 596 ἐπειδὴ
1509 527 1676 598 δεῦρο
1729 517 1917 596 ἦλθες,

235 613 497 684 ἐποίησας
543 611 710 684 αὐτά,
755 613 1031 687 πρότερον
1078 612 1247 670 οὐδὲν
1292 615 1509 670 πώποτε
1546 612 1794 685 ποιήσας.
1870 616 1918 668 εἰ

235 693 341 757 οὖν
379 705 438 756 τί
471 716 561 758 σοι
601 702 752 772 μέλει
788 705 891 758 τοῦ
932 705 1076 774 ἔχειν
1117 701 1210 773 ἐμὲ
1240 701 1446 779 Εὐήνῳ
1487 700 1917 774 ἀποκρίνασθαι,

235 786 371 845 ὅταν
411 811 478 860 με
509 781 678 855 αὖθις
722 791 897 863 ἐρωτᾷ
933 823 996 831 -
1032 783 1095 846 εὖ
1130 787 1258 846 οἶδα
1288 789 1415 863 γάρ,
1447 788 1532 847 ὅτι
1565 789 1817 863 ἐρήσεται
1847 821 1916 831 -

235 877 376 948 εἰπέ,
421 879 480 933 τί
519 876 622 950 χρὴ
672 878 896 949 λέγειν.’
973 878 1125 950 (λέγε
1169 880 1410 950 τοίνυν,’
1459 882 1591 950 ἔφη,
1635 876 1836 953 “αύτῷ,
1874 870 1917 933 ὦ

233 966 438 1036 Κέβης,
476 962 726 1036 τάληθῆ,
767 964 852 1021 ὅτι
891 965 994 1023 οὐκ
1033 969 1224 1043 ἐκείνῳ
1255 966 1596 1038 βουλόμενος
1634 964 1769 1022 οὐδὲ
1805 976 1918 1032 τοῖς

234 1052 541 1124 ποιήμασιν
588 1051 764 1109 αὐτοῦ
810 1052 1128 1127 ἀντίτεχνος
1174 1052 1318 1111 εἶναι
1363 1057 1594 1126 ἐποίησα
1638 1057 1809 1109 ταῦτα
1851 1086 1914 1094 -

178 1138 342 1213 Εῇδη
378 1141 386 1212 Ι
419 1139 553 1212 γάρ,
593 1138 668 1206 ὥς
706 1139 775 1197 οὐ
815 1141 1016 1215 ῥᾴδιον
1055 1148 1139 1214 εἴη
1184 1175 1245 1184 -
1283 1141 1405 1198 ἀλλ’
1441 1144 1719 1199 ἐνυπνίων
1749 1145 1919 1198 τινῶν

236 1227 716 1301 ἀποπειρώμενος,
761 1235 821 1286 τί
864 1231 1035 1302 λέγει,
1081 1232 1174 1287 καὶ
1220 1229 1656 1303 ἀφοσιούμενος,
1703 1234 1754 1287 εἰ
1789 1237 1920 1286 πολ-

234 1315 392 1382 λάκις
412 1317 621 1390 ταύτην
646 1317 748 1390 τὴν
772 1319 1048 1391 μουσικήν
1072 1341 1167 1391 μοι
1192 1319 1465 1376 ἐπιτάττοι
1489 1330 1684 1376 ποιεῖν.
1723 1313 1795 1391 ἦν
1811 1317 1919 1391 γὰρ

236 1404 306 1476 δὴ
341 1405 475 1462 ἄττα
502 1405 712 1462 τοιάδε·
753 1406 1018 1473 πολλάκις
1042 1429 1137 1478 μοι
1161 1411 1374 1480 φοιτῶν
1399 1406 1461 1464 τὸ
1489 1405 1627 1464 αὐτὸ
1653 1406 1919 1464 ἐνύπνιον

236 1495 296 1549 ἐν
335 1496 410 1570 τῷ
448 1494 791 1567 παρελθόντι
830 1499 960 1571 βίῳ,
1012 1493 1198 1551 ἄλλοτ’
1254 1497 1313 1552 ἐν
1365 1495 1503 1569 ἄλλῃ
1551 1494 1675 1563 ὄψει
1723 1495 1919 1567 φαινό-

234 1603 431 1654 μενον,
462 1581 529 1638 τὰ
564 1580 704 1638 αὐτὰ
738 1582 801 1639 δὲ
830 1583 1018 1654 λε’γον·
1059 1576 1103 1639 ὦ
1135 1582 1452 1656 Σώκρατες,
1485 1588 1616 1655 ἔφη,
1647 1581 1919 1656 μουσικὴν

232 1674 379 1726 ποίει
415 1670 509 1726 καὶ
549 1670 794 1742 ἐργάζου.
833 1671 925 1726 καὶ
964 1669 1070 1742 ἐγὼ
1111 1675 1171 1727 ἔν
1209 1693 1272 1742 γε
1309 1674 1384 1747 τῷ
1423 1671 1676 1743 πρόσθεν
1714 1671 1918 1747 χρόνῳ,

235 1756 369 1831 ὅπερ
421 1762 715 1831 ἔπραττον,
765 1761 932 1815 τοῦτο
981 1756 1377 1830 ὑπελάμβανον
1423 1757 1561 1815 αὐτό
1607 1781 1702 1831 μοι
1747 1780 1917 1834 παρα-

161 1845 568 1903 61κελεύεσθαί
599 1868 657 1903 τε
690 1852 697 1915 Ι
730 1846 824 1902 καὶ
863 1846 1214 1917 ἐπικελεύειν,
1253 1845 1435 1921 ὥσπερ
1475 1849 1534 1903 οἰ
1567 1858 1683 1915 τοῖς
1718 1849 1917 1905 θέουσι

237 1934 711 2007 διακελευόμενοι,
773 1936 865 1991 καὶ
920 1936 1040 2007 ἐμοὶ
1103 1933 1248 1992 οὕτω
1310 1935 1373 1992 τὸ
1430 1934 1721 2008 ἐνύπνιον,
1783 1935 1918 2010 ὅπερ

235 2027 529 2096 ἔπραττον,
567 2028 731 2080 τοῦτο
773 2023 1125 2096 ἐπικελεύειν,
1165 2023 1438 2096 μουσικὴν
1475 2035 1676 2096 ποιεῖν,
1716 2023 1790 2091 ὥς
1828 2047 1917 2096 φι-

233 2117 506 2184 λοσοφίας
543 2113 646 2185 μὲν
679 2111 850 2184 οὔσης
881 2117 1137 2184 μεγίστης
1168 2116 1453 2184 μουσικῆς,
1493 2114 1628 2183 ἐμοῦ
1660 2112 1722 2169 δὲ
1752 2116 1916 2169 τοῦτο

234 2199 593 2272 πράττοντος·
639 2204 746 2257 νῦν
794 2198 846 2256 δ’
898 2198 1086 2272 ἐπειδὴ
1131 2199 1168 2271 ἦ
1214 2221 1272 2257 τε
1318 2203 1443 2272 δίκη
1491 2201 1705 2271 ἐγένετο
1750 2200 1843 2256 καὶ
1881 2198 1916 2271 ἡ

233 2291 333 2345 τοῦ
358 2292 499 2345 θεοῦ
532 2287 694 2362 ἑορτὴ
722 2287 989 2344 διεκώλυέ
1009 2310 1074 2360 με
1098 2286 1497 2362 ἀποθνῄσκειν,
1524 2290 1677 2355 ἔδοξε
1698 2291 1917 2360 χρῆναι,

235 2379 286 2432 εί
323 2374 432 2448 ἄρα
470 2375 735 2442 πολλάκις
773 2397 868 2447 μοι
912 2376 1243 2449 προστάττοι
1288 2373 1350 2431 τὸ
1398 2374 1664 2431 ἐνύπνιον
1709 2375 1916 2447 ταύτην

234 2461 337 2535 τὴν
393 2462 622 2534 δημώδη
677 2462 950 2534 μουσικὴν
1003 2474 1210 2534 ποιεῖν,
1257 2461 1331 2534 μὴ
1388 2461 1691 2533 ἀπειθῆσαι
1746 2461 1915 2540 αὐτῷ,

234 2549 375 2607 ἀλλὰ
415 2561 612 2606 ποιεῖν.
651 2549 1065 2623 ἀσφαλέστερον
1096 2549 1203 2623 γὰρ
1236 2547 1380 2606 εἶναι
1418 2548 1492 2622 μὴ
1533 2549 1753 2607 ἀπιέναι
1783 2552 1916 2624 πρὶν

180 2638 667 2711 Βάφοσιιόσασθαι
713 2639 1021 2711 ποιήσαντα
1062 2645 1071 2707 Ι
1111 2638 1388 2710 ποιήματα
1431 2639 1524 2694 καὶ
1576 2638 1916 2711 πειθόμενον

233 2731 309 2805 τῷ
336 2729 594 2803 ἐνυπνίῳ.
634 2724 779 2783 οὕτω
815 2725 883 2798 δὴ
910 2729 1131 2799 πρῶτον
1155 2725 1255 2797 μὲν
1281 2729 1358 2792 εἰς
1380 2724 1481 2782 τὸν
1504 2725 1644 2783 θεὸν
1670 2730 1916 2799 ἐποίησα,

234 2808 305 2872 οὗ
343 2808 414 2885 ἦν
447 2812 480 2886 ἡ
514 2817 768 2888 παροῦσα
798 2819 996 2870 θυσία·
1035 2811 1168 2886 μετὰ
1201 2813 1264 2869 δὲ
1292 2811 1392 2869 τὸν
1423 2813 1588 2885 θεόν,
1629 2814 1914 2887 ἐννοήσας,
