2020 3198
4 8 21 106 wu-

835 131 1078 175 ΦΑΙΔΩΝ.
1723 127 1793 180 87

114 255 328 319 λουσιν,
369 247 515 316 ὅπως
552 245 625 304 ἄν
663 251 794 321 τῇδε
824 250 890 320 τῇ
922 245 1098 320 ἡμέρα
1128 246 1466 319 τελευτήσῃ.’
1507 240 1577 303 οὗ
1614 246 1795 302 πολὺν

42 381 52 384 -
114 334 167 391 δ’
198 329 304 392 οὖν
335 335 543 409 χρόνον
569 323 806 407 ἐπισχὼν
829 327 962 405 ἧκεν
985 334 1078 389 καὶ
1104 334 1350 390 ἐκέλευεν
1381 332 1526 405 ἡμᾶς
1549 335 1794 390 εἰσιέναι.

113 422 380 489 εἰσιόντες
413 417 517 480 οῦν
551 429 560 491 Ι
593 422 1078 494 κατελαμβάνομεν
1107 420 1209 478 τὸν
1233 421 1334 493 μὲν
1359 422 1630 495 Σωκράτη
1662 421 1787 495 ἄρτι
1804 432 1861 474 60

112 512 442 583 λελυμένον,
481 511 585 582 τὴν
626 510 688 567 δὲ
725 513 1062 580 Ξανθίππην
1105 541 1168 550 -
1210 508 1535 579 γιγνώσκεις
1572 510 1680 583 γάρ
1725 544 1790 552 -

114 598 352 671 ἔχουσάν
389 620 447 655 τε
484 597 546 655 τὸ
587 602 813 654 παιδίον
853 595 1027 654 αὐτοῦ
1059 598 1150 652 καὶ
1189 599 1681 670 παρακαθημένην.
1722 597 1797 664 ὥς

115 680 220 743 οῦν
245 685 392 742 εἶδεν
416 685 559 758 ἡμᾶς
581 684 615 758 ἡ
640 688 957 756 Ξανθίππη,
989 684 1352 756 ἀνευφήμησέ
1377 706 1435 741 τε
1465 686 1560 740 καὶ
1581 685 1792 742 τοιαῦτ’

113 773 248 831 ἄττα
288 772 464 845 εἶπεν,
505 768 596 830 οἷα
627 772 696 844 δὴ
733 773 1004 829 εἰώθασιν
1038 775 1100 828 αι’
1125 784 1410 844 γυναῖκες,
1452 771 1537 829 ὅτι
1570 766 1640 830 (ὦ
1672 773 1797 831 Σώ-

112 883 328 934 κρατες,
368 860 608 918 ὕστατον
648 861 718 932 δή
759 877 820 917 σε
857 863 1197 933 προσεροῦσι
1241 863 1350 916 νῦν
1399 861 1456 916 οἰ
1499 861 1799 933 ἐπιτήδειοι

112 950 206 1005 καὶ
260 948 329 1006 σὺ
382 949 654 1015 τούτους.’
722 949 814 1004 καὶ
869 947 898 1004 ὁ
955 950 1257 1021 Σωκράτης
1310 948 1516 1019 βλέψας
1570 953 1647 1014 εἰς
1698 949 1798 1005 τὸν

115 1042 399 1111 Κρίτωνα·
454 1030 528 1093 ‘03
590 1040 814 1109 Κρίτων
827 1038 870 1106 ,’
925 1040 1057 1107 ἔφη,
1122 1034 1399 1106 (ἀπαγέτω
1468 1057 1550 1102 τις
1621 1035 1798 1108 αὐτὴν

114 1127 336 1182 οἴκαδεῖ
373 1125 466 1181 καὶ
506 1126 721 1195 ἐκείνην
761 1124 862 1195 μὲν
911 1122 1127 1195 ἀπῆγόν
1174 1145 1319 1190 τινες
1364 1126 1476 1180 τῶν
1522 1128 1623 1180 τοῦ
1662 1129 1799 1196 Κρί-

113 1237 288 1280 τωνος
336 1212 562 1284 βοῶσάν
611 1233 670 1268 τε
717 1212 810 1267 καὶ
856 1219 862 1278 Ι
903 1212 1270 1283 κοπτομένην·
1318 1209 1348 1268 ὁ
1397 1212 1459 1267 δὲ
1497 1213 1854 1285 ΣωκράτηςΒ

114 1299 588 1372 ἀνακαθιζόμενος
619 1303 698 1365 εἰς
727 1298 829 1371 τὴν
860 1304 1057 1370 κλίνην
1090 1300 1407 1370 συνέκαμψέ
1426 1321 1484 1355 τε
1513 1299 1576 1356 τὸ
1610 1302 1801 1367 σκέλος

113 1391 205 1446 καὶ
246 1390 487 1462 ἐξέτριψε
523 1390 588 1460 τῇ
628 1392 794 1460 χειρί,
831 1388 923 1442 καὶ
970 1391 1176 1460 τρίβων
1225 1386 1357 1458 ἅμα·
1407 1385 1510 1454 ‘055-
1550 1387 1798 1459 ἄτοπον,’

115 1482 240 1550 ἔφη,
281 1470 351 1533 *ὦ
392 1476 615 1548 ἄνδρες,
657 1476 803 1531 ἔοικέ
838 1495 890 1530 τι
929 1473 1072 1530 εἶναι
1117 1478 1309 1545 τοῦτο,
1360 1472 1389 1530 ὃ
1435 1478 1705 1531 καλοῦσιν
1746 1478 1804 1532 οἰ

115 1565 408 1637 ἄνθρωποι
439 1563 573 1636 ἡδύ·
613 1561 688 1629 ὥς
717 1568 1045 1634 θαυμασίως
1075 1564 1285 1633 πέφυκε
1317 1562 1455 1636 πρὸς
1484 1561 1546 1619 τὸ
1588 1567 1798 1620 δοκοῦν

116 1655 370 1710 ἐναντίον
417 1650 586 1723 εἶναι,
635 1649 697 1707 τὸ
738 1650 1014 1722 λυπηρόν,
1068 1654 1144 1726 τῷ
1193 1649 1305 1722 ἅμα
1360 1650 1462 1722 μὲν
1517 1649 1666 1707 αὐτὼ
1724 1650 1797 1723 μὴ

116 1742 332 1797 ἐθέλειν
369 1743 813 1813 παραγίγνεσθαι
835 1741 910 1812 τῷ
937 1735 1246 1813 ἀνθρώπῳ,
1288 1736 1387 1793 ἐὰν
1427 1739 1493 1793 δέ
1520 1760 1601 1803 τις
1625 1739 1797 1812 διώκῃ

0 1887 4 1890 ,
114 1826 176 1884 τὸ
217 1829 406 1899 ἕτερον
443 1826 535 1882 καὶ
574 1825 855 1898 λαμβάνῃ,
896 1825 1096 1896 σχεδόν
1126 1846 1179 1880 τι
1218 1823 1628 1895 ἀναγκάζεσθαι
1667 1834 1799 1899 λαμ-

5 1905 31 1926 ”
115 1915 309 1986 βάνειν
339 1915 431 1970 καὶ
469 1912 532 1969 τὸ
572 1914 785 1984 ἕτερον,
827 1910 1009 1984 ὥσπερ
1052 1914 1110 1968 ἐκ
1149 1916 1278 1983 μιᾶς
1307 1917 1559 1986 κορυφῆς
1591 1930 1799 1986 συνημ-

0 1998 16 2007 ”
117 2004 263 2074 μένω
312 2000 400 2058 δύ’
457 1999 596 2056 ὄντε.
635 2004 733 2054 καί
773 2021 865 2070 μοι
914 2000 1110 2069 δοκεῖ,’
1152 2001 1159 2070 Ι
1202 2003 1333 2071 ἔφη,
1376 2002 1454 2056 εεἰ
1500 2001 1849 2073 ἐνενόησενο

117 2087 256 2145 αὐτοὶ
297 2095 580 2157 Αἴσωπος,
621 2089 810 2157 μῦθον
852 2082 923 2141 ἂν
956 2094 1269 2158 συνθεῖναι,
1311 2085 1384 2153 ὥς
1424 2085 1453 2143 ὁ
1493 2087 1631 2155 θεὸς
1668 2094 1798 2160 βου-

116 2176 349 2248 λόμενος
388 2174 526 2231 αὐτὰ
566 2173 854 2240 διαλλάξαι
892 2177 1265 2245 πολεμοῦντα,
1307 2174 1493 2247 ἐπειδὴ
1535 2174 1638 2232 οὐκ
1677 2179 1798 2233 ἐδύ-

115 2286 276 2335 νατο,
333 2266 583 2335 συνῆψεν
631 2265 708 2328 εἰς
752 2260 959 2317 ταύτὸν
1008 2259 1197 2327 αὐτοῖς
1240 2261 1338 2327 τὰς
1383 2263 1658 2336 κορυφάς,
1704 2265 1797 2320 καὶ

118 2351 210 2408 διὰ
248 2354 421 2407 ταῦτα
460 2343 504 2427 ᾦ
544 2346 616 2406 ἂν
663 2348 725 2405 τὸ
775 2351 963 2422 ἕτερον
1009 2350 1382 2421 παραγένηται
1430 2353 1803 2408 ἐπακολουθεῖ

117 2439 350 2512 ὕστερον
374 2439 466 2494 καὶ
497 2437 558 2494 τὸ
594 2440 796 2511 ἕτερον.
837 2435 1019 2508 ὥσπερ
1054 2430 1157 2493 οῦν
1180 2437 1273 2492 καὶ
1297 2436 1446 2513 αὐτῷ
1471 2461 1565 2510 μοι
1597 2443 1797 2496 ἔοικεν·

118 2526 304 2598 ἐπειδὴ
327 2524 436 2582 ὑπὸ
461 2529 561 2582 τοῦ
588 2529 796 2597 δεσμοῦ
836 2518 910 2596 ἦν
949 2527 1009 2581 ἐν
1047 2528 1121 2600 τῷ
1163 2525 1339 2581 σκέλει
1379 2528 1693 2600 [πρότερον]
1735 2526 1798 2583 τὸ

118 2613 405 2685 ἀλγεινόν,
443 2611 598 2684 ἥκειν
639 2612 708 2685 δὴ
749 2617 1006 2684 φαίνεται
1047 2614 1469 2670 ἐπακολουθοῦν
1507 2613 1569 2670 τὸ
1608 2613 1751 2686 ἡδύ.’

266 2701 358 2755 IV.
425 2697 483 2754 ‘0
529 2693 634 2755 οῦν
680 2701 863 2771 Κέβης
908 2698 1228 2770 ὑπολαβών·
1278 2699 1373 2771 ενὴ
1420 2699 1519 2757 τὸν
1567 2707 1705 2773 Διά,
1754 2696 1797 2758 ὦ

119 2787 454 2861 Σώκρατες,’
495 2789 619 2857 ἔφη,
658 2780 751 2842 εεὖ
788 2785 842 2857 γ’
889 2789 1148 2858 ἐποίησας
1179 2785 1503 2859 ἀναμνήσας
1540 2810 1619 2859 με.
1674 2789 1798 2860 περὶ
