2020 3198
258 164 330 214 32
929 164 1265 208 ΠΛΑΤῼΝΟΣ

258 279 570 352 Σώκρατες,
607 279 670 336 τὸ
712 279 817 336 σὸν
854 285 912 336 τί
946 283 1059 337 ἐστι
1097 284 1346 352 πρᾶγμα;
1387 281 1566 337 πόθεν
1597 282 1660 337 αἱ
1687 284 1944 353 διαβολαί

259 384 350 424 σοι
406 362 571 425 αὗται
623 369 947 440 φεγόνασινς
1006 367 1073 425 οὐ
1126 369 1232 438 γὰρ
1282 369 1463 440 δήπου
1516 372 1621 426 σοῦ
1664 392 1727 441 γε
1774 368 1943 427 οὐδὲν

257 460 371 513 τῶν
404 455 588 513 ἄλλων
621 456 1004 530 περιττότερον
1035 457 1562 529 πραγματευομένου
1601 462 1783 514 ἔπειτα
1819 476 1943 515 τοσ-

258 544 397 617 αύτη
447 545 603 617 φήμη
650 566 709 602 τε
753 546 847 601 καὶ
885 546 1050 617 λόγος
1094 548 1350 617 γέγονεν,
1398 550 1449 603 εἰ
1485 546 1559 618 μή
1598 569 1651 603 τι
1689 551 1943 620 ἔπραττες

258 632 489 690 ἀλλοῖον
537 632 572 706 ἢ
622 636 681 690 οἱ
722 639 941 690 πολλοί·
995 635 1119 705 λέγε
1166 629 1271 691 οὖν
1316 632 1477 706 ἡμῖν,
1530 640 1587 690 τί
1629 637 1803 707 ἐστιν,
1850 637 1943 691 ἵνα

203 728 239 773 D
259 721 332 793 μὴ
366 720 523 794 ἡμεῖς
553 722 679 795 περὶ
711 726 814 779 σοῦ
850 723 856 796 Ι
891 720 1414 795 αὐτοσχεδιάζωμεν.
1481 727 1643 778 ταυτί
1667 745 1762 795 μοι
1793 726 1944 779 δοκεῖ

262 814 448 866 δίκαια
497 811 677 882 λέγειν
725 808 754 866 ὁ
802 811 1006 881 λέγων,
1056 809 1207 882 κάγὼ
1253 809 1390 883 ὑμῖν
1435 810 1768 883 πειράσομαι
1812 809 1944 868 ἄπο-

262 899 462 970 δεῖξαι,
509 903 568 953 τί
609 897 729 954 ποτ’
782 903 931 955 ἔστιν
976 902 1142 955 τοῦτο
1191 895 1221 954 ὃ
1269 899 1390 969 ἐμοὶ
1434 904 1732 970 πεποίηκεν
1776 899 1840 956 τό
1886 921 1945 957 τε

263 985 443 1058 ὄνομα
479 987 573 1042 καὶ
610 987 714 1058 τὴν
755 987 1040 1058 διαβολήν.
1117 985 1343 1045 ἀκούετε
1383 986 1468 1059 δή.
1542 988 1635 1043 καὶ
1674 994 1806 1054 ἴσως
1843 987 1944 1060 μὲν

260 1074 404 1141 δόξω
443 1075 591 1130 τισὶν
628 1072 790 1146 ὑμῶν
828 1081 1057 1146 παίζειν,
1097 1068 1159 1132 εὖ
1199 1077 1388 1147 μέντοι
1423 1082 1555 1146 ἴστε,
1593 1080 1778 1132 πᾶσαν
1808 1073 1944 1148 ὑμῖν

258 1162 360 1233 τὴν
393 1162 667 1234 ἀλήθειαν
702 1164 825 1234 ἐρῶ.
895 1162 1000 1234 ἐγώ
1034 1163 1159 1236 γάρ,
1200 1157 1244 1220 ὦ
1284 1162 1486 1236 ἄνδρες
1518 1163 1825 1236 Ἀθηναῖοι,
1865 1162 1940 1220 δι’

260 1249 429 1307 οὐδὲν
469 1250 591 1307 ἀλλ’
635 1248 669 1322 ἢ
703 1249 795 1307 διὰ
830 1256 1037 1321 σοφίαν
1068 1250 1192 1307 τινὰ
1225 1255 1389 1308 τοῦτο
1421 1250 1483 1308 τὸ
1519 1250 1698 1324 ὄνομα
1729 1256 1943 1325 ἔσχηκα.

258 1344 426 1396 ποίαν
483 1339 551 1411 δὴ
601 1346 806 1411 σοφίαν
853 1339 1086 1411 ταύτην;
1141 1338 1279 1413 ἥπερ
1336 1340 1484 1397 ἐστὶν
1539 1347 1671 1407 ἴσως
1723 1338 1944 1414 ἄνθρω-

257 1433 390 1499 πίνη
447 1434 634 1501 σοφία.
709 1431 786 1504 τῷ
843 1427 966 1483 ὄντι
1020 1427 1127 1500 γὰρ
1180 1427 1493 1484 κινδυνεύω
1546 1427 1754 1500 ταύτην
1801 1426 1945 1486 εἶναι

260 1516 458 1588 σοφός·
500 1510 656 1573 οὗτοι
696 1516 758 1572 δὲ
795 1515 917 1588 τάχ’
962 1514 1051 1586 ἄν,
1093 1513 1191 1581 οὓς
1223 1514 1347 1588 ἄρτι
1379 1520 1587 1587 ἔλεγον,
1627 1521 1789 1587 μείζω
1819 1517 1943 1574 τινὰ

209 1601 297 1676 Εῆ
333 1608 339 1676 Ι
373 1602 491 1661 κατ’
536 1604 843 1676 ἄνθρωπον
884 1609 1091 1675 σοφίαν
1130 1604 1298 1674 σοφοὶ
1337 1602 1467 1674 εἷεν,
1506 1599 1540 1675 ἢ
1583 1601 1685 1659 οὐκ
1725 1607 1854 1677 ἔχω,
1892 1610 1948 1662 τί

258 1693 421 1764 λέγω·
470 1691 539 1749 οὐ
577 1691 684 1766 γὰρ
726 1690 795 1763 δὴ
838 1695 1007 1763 ἔγωγε
1047 1691 1222 1763 αὐτὴν
1263 1695 1578 1763 ἐπίσταμαι,
1629 1689 1752 1747 ἀλλ’
1796 1691 1945 1760 ὅστις

261 1782 400 1853 φησὶ
438 1780 707 1849 ψεύδεταί
739 1802 797 1836 τε
834 1781 927 1835 καὶ
975 1780 1062 1836 ἐπὶ
1101 1784 1333 1854 διαβολῇ
1372 1784 1438 1853 τῇ
1479 1782 1579 1853 ἐμῇ
1619 1780 1777 1851 λέγει.
1852 1786 1949 1838 καί

258 1892 377 1942 μοι,
433 1863 476 1926 ὦ
524 1867 727 1942 ἄνδρες
767 1866 1082 1940 Ἀθηναῖοι,
1136 1866 1208 1940 μὴ
1254 1867 1635 1941 θορυβήσητε,
1689 1868 1828 1940 μηδὲ
1874 1866 1944 1926 ἂν

261 1958 404 2025 δόξω
458 1978 512 2013 τι
564 1955 700 2029 ὑμῖν
755 1957 893 2027 μέγα
946 1957 1147 2027 λέγειν·
1213 1954 1280 2012 οὐ
1333 1954 1439 2029 γὰρ
1496 1955 1629 2029 ἐμὸν
1684 1957 1943 2028 ἐρῶ,τὸν

259 2046 457 2117 λόγον,
514 2043 581 2101 ὃν
635 2041 707 2100 ἄν
760 2045 927 2115 λέγω,
989 2042 1112 2100 ἀλλ’
1171 2046 1250 2109 εἰς
1302 2041 1603 2116 ἀξιόχρεων
1655 2042 1791 2115 ὑμῖν
1843 2044 1943 2102 τὸν

258 2136 491 2204 λέγοντα
532 2131 755 2188 ἆνοίσω.
825 2136 921 2203 τῆς
959 2131 1066 2205 γὰρ
1108 2135 1255 2203 ἐμῆς,
1297 2135 1347 2188 εἰ
1381 2131 1449 2202 δή
1481 2137 1563 2198 τίς
1595 2134 1742 2188 ἐστιν
1774 2138 1942 2204 σοφία

257 2222 350 2276 καὶ
376 2223 483 2291 οἵα,
511 2219 762 2292 μάρτυρα
794 2217 930 2290 ὑμῖν
962 2222 1265 2292 παρέξομαι
1295 2218 1394 2276 τὸν
1417 2218 1559 2276 θεὸν
1585 2218 1687 2276 τὸν
1717 2222 1778 2277 ἐν
1804 2228 1942 2278 Δελ-

185 2322 239 2364 21
260 2319 402 2380 φοῖς.
442 2310 812 2380 Χαιρεφῶντα
835 2306 942 2379 γὰρ
969 2314 1083 2363 ἴστε
1106 2327 1230 2363 που.
1274 2299 1435 2372 οὗτος
1462 2306 1469 2380 Ι
1497 2307 1626 2378 ἐμός
1648 2328 1706 2364 τε
1729 2308 1943 2382 ἑταῖρος

258 2391 329 2468 ἦν
371 2398 429 2452 ἐκ
465 2395 599 2451 νέου
637 2394 729 2449 καὶ
767 2392 927 2465 ὑμῶν
965 2398 1040 2470 τῷ
1080 2394 1286 2465 πλήθει
1325 2394 1542 2466 ἑταῖρός
1577 2416 1635 2450 τε
1668 2395 1760 2450 καὶ
1793 2397 1943 2462 ξυνέ-

258 2505 400 2555 φυγε
439 2481 540 2553 τὴν
580 2480 766 2553 φυγὴν
805 2481 1011 2553 ταύτην
1049 2482 1143 2537 καὶ
1175 2481 1307 2553 μεθ’
1343 2480 1502 2553 ὑμῶν
1533 2486 1791 2554 κατῆλθε.
1851 2484 1943 2540 καὶ
2010 2511 2012 2515 ·

258 2578 373 2627 ἴστε
428 2569 523 2640 δή,
589 2565 706 2635 οἷος
757 2563 829 2641 ἦν
871 2573 1209 2642 Χαιρεφῶν,
1273 2567 1348 2635 ὥς
1402 2567 1649 2643 σφοδρὸς
1710 2568 1799 2642 ἐφ’
1857 2570 1943 2628 ὅτι

259 2657 567 2731 ὁρμήσειεν.
635 2657 729 2712 καὶ
769 2656 838 2728 δή
876 2677 1007 2713 ποτε
1045 2657 1137 2712 καὶ
1176 2660 1254 2723 εἰς
1286 2655 1547 2728 Δελφοὺς
1579 2655 1764 2714 ἐλθών
1796 2657 1943 2715 ἐτόλ-

259 2763 396 2818 μησε
434 2748 598 2801 τοῦτο
639 2744 1077 2816 μαντεύσασθαι·
1117 2750 1234 2815 καί,
1276 2743 1410 2817 ὅπερ
1450 2746 1618 2816 λέγω,
1657 2743 1731 2817 μὴ
1770 2752 1943 2818 θορυ-

259 2838 420 2904 βεϊτε,
461 2826 505 2889 ὦ
545 2830 767 2905 ἄνδρες·
805 2830 967 2903 ἤρετο
1007 2832 1114 2903 γὰρ
1148 2831 1236 2905 δή,
1277 2838 1333 2888 εἴ
1360 2853 1440 2897 τις
1472 2835 1608 2904 ἐμοῦ
1640 2840 1724 2904 εἴη
1758 2831 1943 2903 σοφώ-
