2020 3198
209 193 314 247 106
877 196 1214 240 ΠΛΑΤῼΝΟΣ

203 313 306 367 τοῦ
367 311 776 384 καθεύδοντος,
840 310 992 369 οἷσθ’
1062 311 1146 369 ὅτι
1206 316 1547 370 τελευτῶντα
1599 311 1763 370 πάντ’
1821 311 1893 371 ἂν

155 403 383 474 Ολῆρον
418 402 426 472 Ι
458 399 559 457 τὸν
594 397 946 473 Ἐνδυμίωνα
991 401 1332 468 ἀποδείξειεν
1377 402 1472 457 καὶ
1517 401 1771 474 οὐδαμοῦ
1821 398 1894 458 ἂν

207 492 466 560 φαίνοιτο
507 487 600 544 διὰ
637 487 700 544 τὸ
739 490 832 545 καὶ
877 483 1050 545 τάλλα
1095 489 1275 546 πάντα
1320 487 1527 546 ταύτὸν
1574 491 1763 564 ἐκείνῳ
1803 509 1895 547 πε-

206 577 501 648 πονθέναι,
539 576 875 634 καθεύδειν.·
927 575 1036 634 κᾶν
1075 581 1126 633 εί
1163 582 1516 651 συγκρίνοιτο
1556 578 1658 649 μὲν
1695 577 1894 650 πάντα,

209 668 550 738 διακρίνοιτο
592 665 655 721 δὲ
692 665 786 737 μή,
823 664 960 737 ταχὺ
999 662 1069 721 ἂν
1100 664 1162 721 τὸ
1202 669 1306 721 τοῦ
1334 663 1710 740 Ἀναξαγόρου
1739 687 1895 738 γεγο-

207 752 306 820 νὸς
345 760 448 825 εἴη,
490 752 631 825 ὁμοῦ
670 754 853 810 πάντα
890 754 1154 826 χρήματα.
1232 751 1496 820 ὡσαύτως
1542 755 1629 825 δέ,
1675 748 1720 811 ὦ
1768 759 1895 826 φίλε

208 842 409 913 Κέβης,
450 845 502 898 εἰ
538 841 892 915 ἀποθνῄσκοι
931 842 1032 914 μὲν
1071 842 1278 914 πάντα,
1319 841 1423 898 ὅσα
1460 846 1562 899 τοῦ
1602 846 1698 915 ζῆν
1738 864 1896 915 μετα-

207 931 390 1002 λάβοι,
416 929 603 1002 ἐπειδὴ
631 930 694 987 δὲ
724 928 1027 1002 ἀποθάνοι,
1060 932 1219 1002 μένοι
1251 933 1311 987 ἐν
1341 930 1520 1005 τούτῳ
1552 935 1629 1007 τῷ
1662 931 1897 1003 σχήματι
1969 930 1974 935 ’

207 1017 274 1074 τὰ
329 1021 611 1074 τεθνεῶτα
669 1019 763 1074 καὶ
824 1018 898 1090 μὴ
961 1018 1131 1075 πάλιν
1192 1017 1622 1090 ἀναβιώσκοιτο,
1677 1013 1768 1092 ἀρ’
1828 1019 1896 1077 οὐ

209 1106 385 1178 πολλὴ
426 1104 642 1178 ἀνάγκη
681 1110 1022 1162 τελευτῶντα
1060 1106 1242 1162 πάντα
1280 1107 1552 1162 τεθνάναι
1589 1107 1682 1162 καὶ
1720 1108 1895 1179 μηδὲν

136 1198 176 1243 D
212 1198 334 1266 ζῆν;
384 1198 435 1250 εί
470 1193 578 1268 γὰρ
626 1197 685 1251 ἐκ
720 1195 727 1263 Ι
762 1195 863 1266 μὲν
912 1198 1033 1251 τῶν
1065 1194 1252 1251 ἄλλων
1298 1194 1364 1250 τὰ
1407 1199 1582 1262 ζῶντα
1627 1199 1895 1268 γίγνοιτο,

209 1282 277 1338 τὰ
317 1283 380 1339 δὲ
420 1285 595 1349 ζῶντα
632 1283 901 1356 θνῄσκοι,
941 1287 1025 1349 τίς
1062 1281 1279 1355 μηχανὴ
1326 1283 1399 1355 μὴ
1450 1282 1518 1339 οὐ
1556 1283 1737 1339 πάντα
1772 1305 1897 1339 κατ-

211 1375 578 1443 αναλωθῆναι
624 1375 702 1436 εἰς
746 1369 808 1427 τὸ
861 1370 1178 1439 τεθνάναι;’
1228 1370 1383 1427 εοὐδὲ
1421 1375 1519 1442 μία
1565 1393 1660 1443 μοι
1707 1374 1897 1443 δοκεῖ,’

212 1464 317 1532 ἔφη
359 1458 389 1515 ὁ
430 1461 631 1530 Κέβης,
673 1453 737 1515 (ὦ
777 1458 1096 1532 Σώκρατες,
1138 1458 1280 1514 ἀλλά
1327 1480 1422 1530 μοι
1468 1463 1651 1526 δοκεῖς
1693 1460 1896 1517 παντά-

210 1564 380 1603 πασιν
418 1546 604 1620 ἀληθῆ
644 1549 860 1619 λέγειν.’
939 1550 1106 1603 (ἔστιν
1138 1547 1286 1620 γάρ,’
1327 1551 1451 1618 ἔφη,
1486 1541 1550 1603 ‘03
1581 1549 1784 1620 Κέβης,
1824 1547 1899 1616 ὥς

211 1637 333 1707 ἐμοὶ
366 1639 536 1707 δοκεῖ,
567 1635 775 1701 παντὸς
807 1639 1020 1706 μᾶλλον
1046 1633 1210 1706 οὕτω,
1243 1635 1336 1690 καὶ
1366 1633 1523 1706 ἡμεῖς
1554 1635 1694 1692 αὐτὰ
1725 1641 1898 1694 ταῦτα

212 1723 315 1780 οὐκ
368 1724 776 1795 ἐξαπατώμενοι
831 1721 1244 1795 ὁμολογοῦμεν,
1300 1722 1423 1779 ἀλλ’
1479 1728 1593 1779 ἔστι
1642 1728 1717 1798 τῷ
1775 1724 1896 1782 ὄντι

209 1812 302 1868 καὶ
351 1813 413 1869 τὸ
466 1811 920 1883 ἀναβιώσκεσθαι
973 1811 1067 1866 καὶ
1120 1814 1179 1867 ἐκ
1227 1814 1342 1868 τῶν
1390 1810 1718 1868 τεθνεώτων
1766 1813 1898 1882 τοὺς

213 1903 417 1967 ζῶντας
454 1904 749 1972 γίγνεσθαι
786 1899 880 1955 καὶ
909 1897 1007 1964 τὰς
1035 1901 1148 1956 τῶν
1178 1899 1504 1955 τεθνεώτων
1534 1899 1715 1972 ψυχὰς
1753 1899 1898 1958 εἶναι

152 2005 189 2049 Ε
214 1990 328 2058 [καὶ
379 1999 499 2055 ταῖς
553 1989 653 2060 μέν
707 2010 770 2059 γε
820 1986 1061 2059 ἀγαθαῖς
1103 1990 1109 2059 Ι
1153 1986 1387 2058 ἄμεινον
1443 1985 1614 2058 εἶναι,
1661 2000 1780 2055 ταῖς
1835 1990 1899 2046 δὲ

210 2087 403 2142 κακαῖς
441 2077 697 2146 κάκιον].’

358 2166 560 2220 XVIII.
637 2165 771 2220 ‘Kal
810 2164 960 2236 μήν,’
1001 2169 1106 2236 ἔφη
1149 2161 1177 2219 ὁ
1212 2165 1396 2235 Κέβης
1426 2162 1745 2235 ὑπολαβών,
1787 2165 1898 2219 “καὶ

210 2249 334 2307 κατ’
379 2251 595 2308 ἐκεῖνόν
633 2275 695 2323 γε
733 2251 834 2308 τὸν
881 2252 1079 2324 λόγον,
1127 2245 1171 2307 ὦ
1218 2251 1539 2324 Σώκρατες,
1586 2254 1638 2307 εἰ
1681 2250 1896 2324 ἀληθής

213 2343 380 2409 ἐστιν,
421 2336 488 2394 ὃν
521 2338 591 2394 σὺ
623 2347 826 2404 εἴωθας
856 2338 1014 2411 θαμὰ
1044 2341 1249 2411 λέγειν,
1291 2338 1375 2394 ὅτι
1414 2337 1549 2410 ἡμῖν
1586 2338 1621 2411 ἡ
1656 2339 1897 2410 μάθησις

214 2425 317 2483 οὐκ
367 2425 501 2481 ἄλλο
551 2447 603 2482 τι
652 2423 688 2497 ἦ
740 2425 1052 2498 ἀνάμνησις
1100 2426 1359 2498 τυγχάνει
1406 2419 1574 2496 οὖσα,
1622 2426 1714 2480 καὶ
1759 2427 1897 2481 κατὰ

211 2517 413 2570 τοῦτον
453 2512 669 2584 ἀνάγκη
709 2531 817 2569 που
855 2511 1000 2584 ἡμᾶς
1049 2515 1110 2569 ἐν
1148 2514 1395 2588 προτέρῳ
1436 2514 1544 2568 τινὶ
1583 2512 1768 2589 χρόνῳ
1809 2536 1899 2586 με-

213 2602 525 2675 μαθηκέναι
570 2599 605 2655 ὁὶ
653 2603 761 2656 νῦν
809 2599 1357 2673 ἀναμιμνησκόμεθα.
1441 2604 1605 2657 τοῦτο
1655 2601 1717 2657 δὲ
1763 2599 1899 2657 ἀδύ-

142 2713 196 2752 '13
216 2712 404 2760 νατον,
444 2692 494 2745 εἰ
532 2687 605 2760 μὴ
646 2681 719 2759 ἦν
757 2707 866 2743 που
904 2686 1039 2759 ἡμῖν
1078 2686 1112 2759 ἡ
1145 2686 1293 2760 ψυχὴ
1334 2688 1467 2760 πρὶν
1509 2690 1568 2744 ἐν
1606 2692 1749 2765 τῷδε
1781 2695 1790 2756 Ι
1823 2693 1898 2766 τῷ

215 2777 559 2852 ἀνθρωπίνῳ
593 2780 729 2832 εἴδει
758 2777 1046 2847 γενέσθαι·
1088 2774 1228 2832 ὥστε
1265 2776 1356 2831 καὶ
1395 2776 1566 2849 ταύτῃ
1606 2775 1900 2833 ἀθάνατον

1366 2857 1387 2882 ῗ

215 2866 250 2939 ἡ
306 2865 454 2938 ψυχή
507 2885 559 2920 τι
613 2868 791 2920 ἔοικεν
846 2861 1024 2921 εἷναι.’
1103 2862 1288 2934 (ἀλλά,
1345 2887 1387 2919 ω
1442 2865 1666 2935 Κέβης,’
1713 2868 1817 2936 ἔφη
1869 2863 1900 2920 ὁ
