<?xml version="1.0" encoding="UTF-8"?>
<!DOCTYPE html PUBLIC "-//W3C//DTD XHTML 1.0 Transitional//EN"
    "http://www.w3.org/TR/xhtml1/DTD/xhtml1-transitional.dtd">
<html xmlns="http://www.w3.org/1999/xhtml" xml:lang="en" lang="en">
 <head>
  <title>
</title>
<meta http-equiv="Content-Type" content="text/html;charset=utf-8" />
  <meta name='ocr-system' content='tesseract 3.04.00' />
  <meta name='ocr-capabilities' content='ocr_page ocr_carea ocr_par ocr_line ocrx_word'/>
</head>
<body>
  <div class='ocr_page' id='page_1' title='image "./p1dialogisecumdu01platuoft_0165.png"; bbox 0 0 2020 3198; ppageno 0'>
   <div class='ocr_carea' id='block_1_1' title="bbox 825 166 1787 216">
    <p class='ocr_par' dir='ltr' id='par_1_1' title="bbox 825 166 1787 216">
     <span class='ocr_line' id='line_1_1' title="bbox 825 166 1787 216; baseline 0.006 -6"><span class='ocrx_word' id='word_1_1' title='bbox 825 168 1067 211; x_wconf 77' lang='grc' dir='ltr'>ΦΑΙΔΩΝ.</span> <span class='ocrx_word' id='word_1_2' title='bbox 1680 166 1708 216; x_wconf 91' lang='grc'><strong>1</strong></span> <span class='ocrx_word' id='word_1_3' title='bbox 1720 166 1787 216; x_wconf 83' lang='grc'><strong><em>19</em></strong></span> 
     </span>
    </p>
   </div>
   <div class='ocr_carea' id='block_1_2' title="bbox 33 274 1793 804">
    <p class='ocr_par' dir='ltr' id='par_1_2' title="bbox 33 274 1793 794">
     <span class='ocr_line' id='line_1_2' title="bbox 107 274 1784 360; baseline -0.002 -18"><span class='ocrx_word' id='word_1_4' title='bbox 107 291 235 358; x_wconf 84' lang='grc' dir='ltr'><strong><em>φίλε</em></strong></span> <span class='ocrx_word' id='word_1_5' title='bbox 270 289 455 360; x_wconf 81' lang='grc' dir='ltr'><em>Κέβης</em></span> <span class='ocrx_word' id='word_1_6' title='bbox 492 309 550 343; x_wconf 89' lang='grc' dir='ltr'><strong><em>τε</em></strong></span> <span class='ocrx_word' id='word_1_7' title='bbox 593 286 687 342; x_wconf 88' lang='grc' dir='ltr'><strong><em>καὶ</em></strong></span> <span class='ocrx_word' id='word_1_8' title='bbox 725 288 965 356; x_wconf 86' lang='grc' dir='ltr'><em>Σιμμία,</em></span> <span class='ocrx_word' id='word_1_9' title='bbox 1012 282 1153 338; x_wconf 79' lang='grc' dir='ltr'><strong><em>ἀλλὰ</em></strong></span> <span class='ocrx_word' id='word_1_10' title='bbox 1198 286 1384 359; x_wconf 80' lang='grc' dir='ltr'><strong><em>πολλῷ</em></strong></span> <span class='ocrx_word' id='word_1_11' title='bbox 1433 286 1644 353; x_wconf 79' lang='grc' dir='ltr'><strong><em>μᾶλλον</em></strong></span> <span class='ocrx_word' id='word_1_12' title='bbox 1685 274 1784 339; x_wconf 69' lang='grc' dir='ltr'><strong><em>οἷδ’</em></strong></span> 
     </span>
     <span class='ocr_line' id='line_1_3' title="bbox 33 369 1790 447; baseline -0.003 -16"><span class='ocrx_word' id='word_1_13' title='bbox 33 397 43 400; x_wconf 88' lang='grc'><strong><em>·</em></strong></span> <span class='ocrx_word' id='word_1_14' title='bbox 108 379 239 447; x_wconf 80' lang='grc' dir='ltr'><strong><em>ἔχει·</em></strong></span> <span class='ocrx_word' id='word_1_15' title='bbox 286 374 382 432; x_wconf 78' lang='grc' dir='ltr'><strong><em>ἐὰν</em></strong></span> <span class='ocrx_word' id='word_1_16' title='bbox 426 375 528 446; x_wconf 74' lang='grc' dir='ltr'><strong><em>μὲν</em></strong></span> <span class='ocrx_word' id='word_1_17' title='bbox 572 371 796 444; x_wconf 77' lang='grc' dir='ltr'><strong><em>καθαρὰ</em></strong></span> <span class='ocrx_word' id='word_1_18' title='bbox 837 370 1268 442; x_wconf 76' lang='grc' dir='ltr'><strong><em>ἀπαλλάττηται,</em></strong></span> <span class='ocrx_word' id='word_1_19' title='bbox 1316 370 1491 442; x_wconf 74' lang='grc' dir='ltr'><strong><em>μηδὲν</em></strong></span> <span class='ocrx_word' id='word_1_20' title='bbox 1536 373 1638 426; x_wconf 90' lang='grc' dir='ltr'><strong><em>τοῦ</em></strong></span> <span class='ocrx_word' id='word_1_21' title='bbox 1684 369 1790 426; x_wconf 83' lang='grc' dir='ltr'><strong><em>σῶ-</em></strong></span> 
     </span>
     <span class='ocr_line' id='line_1_4' title="bbox 108 456 1789 535; baseline -0.003 -17"><span class='ocrx_word' id='word_1_22' title='bbox 108 485 277 534; x_wconf 84' lang='grc' dir='ltr'><strong><em>ματος</em></strong></span> <span class='ocrx_word' id='word_1_23' title='bbox 315 464 747 535; x_wconf 82' lang='grc' dir='ltr'><strong><em>ξυνεφέλκουσα,</em></strong></span> <span class='ocrx_word' id='word_1_24' title='bbox 793 459 889 516; x_wconf 76' lang='grc' dir='ltr'><strong><em>ἅτε</em></strong></span> <span class='ocrx_word' id='word_1_25' title='bbox 935 458 1104 515; x_wconf 74' lang='grc' dir='ltr'><strong><em>οὐδὲν</em></strong></span> <span class='ocrx_word' id='word_1_26' title='bbox 1149 462 1504 515; x_wconf 83' lang='grc' dir='ltr'><strong><em>κοινωνοῦσα</em></strong></span> <span class='ocrx_word' id='word_1_27' title='bbox 1543 456 1690 534; x_wconf 78' lang='grc' dir='ltr'><strong><em>αὐτῷ</em></strong></span> <span class='ocrx_word' id='word_1_28' title='bbox 1730 458 1789 513; x_wconf 85' lang='grc' dir='ltr'><strong><em>ἐν</em></strong></span> 
     </span>
     <span class='ocr_line' id='line_1_5' title="bbox 107 544 1791 626; baseline -0.004 -19"><span class='ocrx_word' id='word_1_29' title='bbox 107 554 182 626; x_wconf 75' lang='grc' dir='ltr'><strong><em>τῷ</em></strong></span> <span class='ocrx_word' id='word_1_30' title='bbox 223 555 326 626; x_wconf 79' lang='grc' dir='ltr'><strong><em>βίῳ</em></strong></span> <span class='ocrx_word' id='word_1_31' title='bbox 366 552 570 606; x_wconf 82' lang='grc' dir='ltr'><strong><em>ἑκοῦσα</em></strong></span> <span class='ocrx_word' id='word_1_32' title='bbox 608 548 777 620; x_wconf 87' lang='grc' dir='ltr'><strong><em>εἶναι,</em></strong></span> <span class='ocrx_word' id='word_1_33' title='bbox 816 546 957 604; x_wconf 83' lang='grc' dir='ltr'><strong><em>ἀλλὰ</em></strong></span> <span class='ocrx_word' id='word_1_34' title='bbox 996 546 1283 618; x_wconf 75' lang='grc' dir='ltr'><strong><em>φεύγουσα</em></strong></span> <span class='ocrx_word' id='word_1_35' title='bbox 1323 544 1458 601; x_wconf 84' lang='grc' dir='ltr'><strong><em>αὐτὸ</em></strong></span> <span class='ocrx_word' id='word_1_36' title='bbox 1495 546 1588 601; x_wconf 85' lang='grc' dir='ltr'><strong><em>καὶ</em></strong></span> <span class='ocrx_word' id='word_1_37' title='bbox 1627 562 1791 616; x_wconf 90' lang='grc' dir='ltr'><strong><em>συνη-</em></strong></span> 
     </span>
     <span class='ocr_line' id='line_1_6' title="bbox 107 632 1790 710; baseline -0.004 -15"><span class='ocrx_word' id='word_1_38' title='bbox 107 639 416 710; x_wconf 89' lang='grc' dir='ltr'><strong><em>θροισμένη</em></strong></span> <span class='ocrx_word' id='word_1_39' title='bbox 471 637 608 709; x_wconf 83' lang='grc' dir='ltr'><strong><em>αὐτὴ</em></strong></span> <span class='ocrx_word' id='word_1_40' title='bbox 649 641 728 703; x_wconf 84' lang='grc' dir='ltr'><strong><em>εἰς</em></strong></span> <span class='ocrx_word' id='word_1_41' title='bbox 773 634 975 707; x_wconf 83' lang='grc' dir='ltr'><strong><em>αὑτήν,</em></strong></span> <span class='ocrx_word' id='word_1_42' title='bbox 1029 655 1126 690; x_wconf 92' lang='grc' dir='ltr'><strong><em>ατε</em></strong></span> <span class='ocrx_word' id='word_1_43' title='bbox 1171 637 1450 705; x_wconf 78' lang='grc' dir='ltr'><strong><em>μελετῶσα</em></strong></span> <span class='ocrx_word' id='word_1_44' title='bbox 1488 632 1574 689; x_wconf 86' lang='grc' dir='ltr'><strong><em>ἀεὶ</em></strong></span> <span class='ocrx_word' id='word_1_45' title='bbox 1626 637 1790 688; x_wconf 87' lang='grc' dir='ltr'><strong><em>τοῦτο</em></strong></span> 
     </span>
     <span class='ocr_line' id='line_1_7' title="bbox 112 718 1793 804; baseline -0.005 -20"><span class='ocrx_word' id='word_1_46' title='bbox 112 760 174 768; x_wconf 90' lang='grc'>-</span> <span class='ocrx_word' id='word_1_47' title='bbox 239 730 403 783; x_wconf 92' lang='grc' dir='ltr'><strong><em>τοῦτο</em></strong></span> <span class='ocrx_word' id='word_1_48' title='bbox 465 726 529 782; x_wconf 79' lang='grc' dir='ltr'><strong><em>δὲ</em></strong></span> <span class='ocrx_word' id='word_1_49' title='bbox 590 724 757 781; x_wconf 83' lang='grc' dir='ltr'><strong><em>οὐδεν</em></strong></span> <span class='ocrx_word' id='word_1_50' title='bbox 817 723 954 780; x_wconf 90' lang='grc' dir='ltr'><strong><em>άλλο</em></strong></span> <span class='ocrx_word' id='word_1_51' title='bbox 1017 722 1166 779; x_wconf 83' lang='grc' dir='ltr'><strong><em>ἐστὶν</em></strong></span> <span class='ocrx_word' id='word_1_52' title='bbox 1227 718 1262 793; x_wconf 85' lang='grc' dir='ltr'><em>ἢ</em></span> <span class='ocrx_word' id='word_1_53' title='bbox 1317 719 1507 794; x_wconf 89' lang='grc' dir='ltr'><strong><em>ὀρθῶς</em></strong></span> <span class='ocrx_word' id='word_1_54' title='bbox 1566 727 1793 804; x_wconf 85' lang='grc' dir='ltr'><strong><em>φιλοσο-</em></strong></span> 
     </span>
    </p>
   </div>
   <div class='ocr_carea' id='block_1_3' title="bbox 107 796 1860 888">
    <p class='ocr_par' dir='ltr' id='par_1_3' title="bbox 107 794 2009 888">
     <span class='ocr_line' id='line_1_8' title="bbox 107 796 1860 888; baseline -0.004 -18"><span class='ocrx_word' id='word_1_55' title='bbox 107 817 295 886; x_wconf 86' lang='grc' dir='ltr'><strong><em>φοῦσα</em></strong></span> <span class='ocrx_word' id='word_1_56' title='bbox 346 814 440 870; x_wconf 89' lang='grc' dir='ltr'><strong><em>καὶ</em></strong></span> <span class='ocrx_word' id='word_1_57' title='bbox 484 816 560 888; x_wconf 77' lang='grc' dir='ltr'><strong><em>τῷ</em></strong></span> <span class='ocrx_word' id='word_1_58' title='bbox 616 834 737 869; x_wconf 91' lang='grc' dir='ltr'><strong><em>οντι</em></strong></span> <span class='ocrx_word' id='word_1_59' title='bbox 781 812 1053 868; x_wconf 79' lang='grc' dir='ltr'><strong><em>τεθνάναι</em></strong></span> <span class='ocrx_word' id='word_1_60' title='bbox 1099 810 1106 885; x_wconf 86' lang='grc'>1</span> <span class='ocrx_word' id='word_1_61' title='bbox 1150 812 1427 882; x_wconf 76' lang='grc' dir='ltr'><strong><em>μελετῶσα</em></strong></span> <span class='ocrx_word' id='word_1_62' title='bbox 1473 796 1699 883; x_wconf 79' lang='grc' dir='ltr'><strong><em>ῥαδίως·</em></strong></span> <span class='ocrx_word' id='word_1_63' title='bbox 1755 802 1860 878; x_wconf 80' lang='grc' dir='ltr'><strong><em>ἢ81</em></strong></span> 
     </span>
    </p>
   </div>
   <div class='ocr_carea' id='block_1_4' title="bbox 109 895 1882 2898">
    <p class='ocr_par' dir='ltr' id='par_1_4' title="bbox 109 895 1882 1675">
     <span class='ocr_line' id='line_1_9' title="bbox 109 895 1791 972; baseline -0.004 -15"><span class='ocrx_word' id='word_1_64' title='bbox 109 900 178 957; x_wconf 84' lang='grc' dir='ltr'><strong><em>οὐ</em></strong></span> <span class='ocrx_word' id='word_1_65' title='bbox 230 899 382 957; x_wconf 87' lang='grc' dir='ltr'><strong><em>τοῦτ’</em></strong></span> <span class='ocrx_word' id='word_1_66' title='bbox 439 924 511 957; x_wconf 91' lang='grc' dir='ltr'><strong><em>αν</em></strong></span> <span class='ocrx_word' id='word_1_67' title='bbox 573 907 657 971; x_wconf 79' lang='grc' dir='ltr'><strong><em>εἴη</em></strong></span> <span class='ocrx_word' id='word_1_68' title='bbox 712 900 905 972; x_wconf 87' lang='grc' dir='ltr'><strong><em>μελέτη</em></strong></span> <span class='ocrx_word' id='word_1_69' title='bbox 959 896 1261 965; x_wconf 82' lang='grc' dir='ltr'><strong><em>θανάτου;’</em></strong></span> <span class='ocrx_word' id='word_1_70' title='bbox 1316 895 1655 952; x_wconf 87' lang='grc' dir='ltr'><strong><em>παντάπασί</em></strong></span> <span class='ocrx_word' id='word_1_71' title='bbox 1693 896 1791 967; x_wconf 69' lang='lat' dir='ltr'><strong><em>ys?</em></strong></span> 
     </span>
     <span class='ocr_line' id='line_1_10' title="bbox 110 981 1792 1060; baseline -0.004 -15"><span class='ocrx_word' id='word_1_72' title='bbox 110 988 341 1045; x_wconf 65' lang='grc' dir='ltr'><strong><em>εοὐκοῦν</em></strong></span> <span class='ocrx_word' id='word_1_73' title='bbox 381 987 526 1045; x_wconf 81' lang='grc' dir='ltr'><strong><em>οὕτω</em></strong></span> <span class='ocrx_word' id='word_1_74' title='bbox 567 988 667 1060; x_wconf 74' lang='grc' dir='ltr'><strong><em>μὲν</em></strong></span> <span class='ocrx_word' id='word_1_75' title='bbox 707 991 910 1059; x_wconf 81' lang='grc' dir='ltr'><strong><em>ἔχουσα</em></strong></span> <span class='ocrx_word' id='word_1_76' title='bbox 949 989 1027 1052; x_wconf 84' lang='grc' dir='ltr'><strong><em>εἰς</em></strong></span> <span class='ocrx_word' id='word_1_77' title='bbox 1062 985 1128 1041; x_wconf 88' lang='grc' dir='ltr'><strong><em>τὸ</em></strong></span> <span class='ocrx_word' id='word_1_78' title='bbox 1167 985 1364 1057; x_wconf 82' lang='grc' dir='ltr'><strong><em>ὅμοιον</em></strong></span> <span class='ocrx_word' id='word_1_79' title='bbox 1401 982 1539 1057; x_wconf 80' lang='grc' dir='ltr'><strong><em>αὐτῇ</em></strong></span> <span class='ocrx_word' id='word_1_80' title='bbox 1578 983 1641 1040; x_wconf 85' lang='grc' dir='ltr'><strong><em>τὸ</em></strong></span> <span class='ocrx_word' id='word_1_81' title='bbox 1682 981 1792 1039; x_wconf 91' lang='grc' dir='ltr'><strong><em>ἀει-</em></strong></span> 
     </span>
     <span class='ocr_line' id='line_1_11' title="bbox 110 1071 1882 1150; baseline -0.004 -16"><span class='ocrx_word' id='word_1_82' title='bbox 110 1077 200 1144; x_wconf 73' lang='grc' dir='ltr'><strong><em>δὲς</em></strong></span> <span class='ocrx_word' id='word_1_83' title='bbox 238 1076 558 1150; x_wconf 77' lang='grc' dir='ltr'><strong><em>ἀπέρχεται,</em></strong></span> <span class='ocrx_word' id='word_1_84' title='bbox 603 1075 666 1132; x_wconf 87' lang='grc' dir='ltr'><strong><em>τὸ</em></strong></span> <span class='ocrx_word' id='word_1_85' title='bbox 706 1075 871 1131; x_wconf 86' lang='grc' dir='ltr'><strong><em>θεῖόν</em></strong></span> <span class='ocrx_word' id='word_1_86' title='bbox 908 1096 966 1130; x_wconf 90' lang='grc' dir='ltr'><strong><em>τε</em></strong></span> <span class='ocrx_word' id='word_1_87' title='bbox 1003 1074 1096 1129; x_wconf 86' lang='grc' dir='ltr'><strong><em>καὶ</em></strong></span> <span class='ocrx_word' id='word_1_88' title='bbox 1134 1072 1426 1129; x_wconf 88' lang='grc' dir='ltr'><strong><em>ἀθάνατον</em></strong></span> <span class='ocrx_word' id='word_1_89' title='bbox 1464 1073 1557 1128; x_wconf 86' lang='grc' dir='ltr'><strong><em>καὶ</em></strong></span> <span class='ocrx_word' id='word_1_90' title='bbox 1595 1071 1793 1145; x_wconf 89' lang='grc' dir='ltr'><strong><em>φρόνι-</em></strong></span> <span class='ocrx_word' id='word_1_91' title='bbox 1879 1072 1882 1077; x_wconf 62' lang='grc'><em>’</em></span> 
     </span>
     <span class='ocr_line' id='line_1_12' title="bbox 110 1157 1793 1236; baseline -0.003 -16"><span class='ocrx_word' id='word_1_92' title='bbox 110 1187 242 1236; x_wconf 89' lang='grc' dir='ltr'><strong><em>μον,</em></strong></span> <span class='ocrx_word' id='word_1_93' title='bbox 305 1161 364 1219; x_wconf 87' lang='grc' dir='ltr'><strong><em>οἷ</em></strong></span> <span class='ocrx_word' id='word_1_94' title='bbox 420 1163 729 1236; x_wconf 82' lang='grc' dir='ltr'><strong><em>ἀφικομένῃ</em></strong></span> <span class='ocrx_word' id='word_1_95' title='bbox 783 1160 1017 1234; x_wconf 82' lang='grc' dir='ltr'><strong><em>ὑπάρχει</em></strong></span> <span class='ocrx_word' id='word_1_96' title='bbox 1078 1159 1215 1233; x_wconf 82' lang='grc' dir='ltr'><strong><em>αὐτῇ</em></strong></span> <span class='ocrx_word' id='word_1_97' title='bbox 1278 1158 1571 1231; x_wconf 81' lang='grc' dir='ltr'><strong><em>εὐδαίμονι</em></strong></span> <span class='ocrx_word' id='word_1_98' title='bbox 1630 1157 1793 1231; x_wconf 84' lang='grc' dir='ltr'><strong><em>εἶναι,</em></strong></span> 
     </span>
     <span class='ocr_line' id='line_1_13' title="bbox 109 1247 1794 1322; baseline -0.003 -14"><span class='ocrx_word' id='word_1_99' title='bbox 109 1251 322 1322; x_wconf 77' lang='grc' dir='ltr'><strong><em>πλάνης</em></strong></span> <span class='ocrx_word' id='word_1_100' title='bbox 371 1252 465 1306; x_wconf 86' lang='grc' dir='ltr'><strong><em>καὶ</em></strong></span> <span class='ocrx_word' id='word_1_101' title='bbox 519 1250 714 1316; x_wconf 80' lang='grc' dir='ltr'><strong><em>ἀνοίας</em></strong></span> <span class='ocrx_word' id='word_1_102' title='bbox 765 1250 859 1305; x_wconf 88' lang='grc' dir='ltr'><strong><em>καὶ</em></strong></span> <span class='ocrx_word' id='word_1_103' title='bbox 912 1249 1110 1320; x_wconf 88' lang='grc' dir='ltr'><strong><em>φόβων</em></strong></span> <span class='ocrx_word' id='word_1_104' title='bbox 1161 1249 1255 1304; x_wconf 85' lang='grc' dir='ltr'><strong><em>καὶ</em></strong></span> <span class='ocrx_word' id='word_1_105' title='bbox 1308 1247 1521 1321; x_wconf 79' lang='grc' dir='ltr'><strong><em>ἀγρίων</em></strong></span> <span class='ocrx_word' id='word_1_106' title='bbox 1572 1247 1794 1321; x_wconf 78' lang='grc' dir='ltr'><strong><em>ἐρώτων</em></strong></span> 
     </span>
     <span class='ocr_line' id='line_1_14' title="bbox 109 1335 1793 1409; baseline -0.002 -14"><span class='ocrx_word' id='word_1_107' title='bbox 109 1340 202 1395; x_wconf 87' lang='grc' dir='ltr'><strong><em>καὶ</em></strong></span> <span class='ocrx_word' id='word_1_108' title='bbox 239 1342 353 1395; x_wconf 91' lang='grc' dir='ltr'><strong><em>τῶν</em></strong></span> <span class='ocrx_word' id='word_1_109' title='bbox 391 1338 577 1394; x_wconf 75' lang='grc' dir='ltr'><strong><em>ἄλλων</em></strong></span> <span class='ocrx_word' id='word_1_110' title='bbox 615 1340 801 1394; x_wconf 89' lang='grc' dir='ltr'><strong><em>κακῶν</em></strong></span> <span class='ocrx_word' id='word_1_111' title='bbox 839 1340 951 1392; x_wconf 89' lang='grc' dir='ltr'><strong><em>τῶν</em></strong></span> <span class='ocrx_word' id='word_1_112' title='bbox 983 1335 1352 1409; x_wconf 82' lang='grc' dir='ltr'><strong><em>ἀνθρωπείων</em></strong></span> <span class='ocrx_word' id='word_1_113' title='bbox 1384 1336 1793 1408; x_wconf 73' lang='grc' dir='ltr'><strong><em>ἀπηλλαγμένῃ,</em></strong></span> 
     </span>
     <span class='ocr_line' id='line_1_15' title="bbox 112 1422 1795 1501; baseline -0.004 -16"><span class='ocrx_word' id='word_1_114' title='bbox 112 1427 294 1501; x_wconf 81' lang='grc' dir='ltr'><strong><em>ῶσπερ</em></strong></span> <span class='ocrx_word' id='word_1_115' title='bbox 335 1427 398 1484; x_wconf 73' lang='grc' dir='ltr'><strong><em>δὲ</em></strong></span> <span class='ocrx_word' id='word_1_116' title='bbox 436 1428 649 1498; x_wconf 80' lang='grc' dir='ltr'><strong><em>λέγεται</em></strong></span> <span class='ocrx_word' id='word_1_117' title='bbox 685 1424 825 1481; x_wconf 80' lang='grc' dir='ltr'><strong><em>κατὰ</em></strong></span> <span class='ocrx_word' id='word_1_118' title='bbox 862 1428 976 1480; x_wconf 87' lang='grc' dir='ltr'><strong><em>τῶν</em></strong></span> <span class='ocrx_word' id='word_1_119' title='bbox 1015 1425 1404 1496; x_wconf 81' lang='grc' dir='ltr'><strong><em>μεμυημένων,</em></strong></span> <span class='ocrx_word' id='word_1_120' title='bbox 1456 1422 1530 1490; x_wconf 81' lang='grc' dir='ltr'><strong><em>ῶς</em></strong></span> <span class='ocrx_word' id='word_1_121' title='bbox 1567 1423 1795 1495; x_wconf 85' lang='grc' dir='ltr'><strong><em>ἀληθῶς</em></strong></span> 
     </span>
     <span class='ocr_line' id='line_1_16' title="bbox 111 1511 1794 1586; baseline -0.002 -14"><span class='ocrx_word' id='word_1_122' title='bbox 111 1517 212 1572; x_wconf 85' lang='grc' dir='ltr'><strong><em>τὸν</em></strong></span> <span class='ocrx_word' id='word_1_123' title='bbox 256 1512 454 1572; x_wconf 87' lang='grc' dir='ltr'><strong><em>λοιπὸν</em></strong></span> <span class='ocrx_word' id='word_1_124' title='bbox 500 1513 707 1586; x_wconf 88' lang='grc' dir='ltr'><strong><em>χρόνον</em></strong></span> <span class='ocrx_word' id='word_1_125' title='bbox 754 1512 887 1585; x_wconf 82' lang='grc' dir='ltr'><strong><em>μετὰ</em></strong></span> <span class='ocrx_word' id='word_1_126' title='bbox 932 1516 1046 1569; x_wconf 89' lang='grc' dir='ltr'><strong><em>τῶν</em></strong></span> <span class='ocrx_word' id='word_1_127' title='bbox 1090 1515 1245 1569; x_wconf 87' lang='grc' dir='ltr'><strong><em>θεῶν</em></strong></span> <span class='ocrx_word' id='word_1_128' title='bbox 1293 1511 1592 1584; x_wconf 77' lang='grc' dir='ltr'><strong><em>διάγουσα;</em></strong></span> <span class='ocrx_word' id='word_1_129' title='bbox 1648 1511 1794 1569; x_wconf 79' lang='grc' dir='ltr'><strong><em>οὕτω</em></strong></span> 
     </span>
     <span class='ocr_line' id='line_1_17' title="bbox 112 1595 990 1675; baseline -0.005 -15"><span class='ocrx_word' id='word_1_130' title='bbox 112 1607 324 1675; x_wconf 91' lang='grc' dir='ltr'><strong><em>φῶμεν,</em></strong></span> <span class='ocrx_word' id='word_1_131' title='bbox 363 1595 408 1658; x_wconf 83' lang='grc' dir='ltr'><strong><em>ῶ</em></strong></span> <span class='ocrx_word' id='word_1_132' title='bbox 447 1603 649 1672; x_wconf 82' lang='grc' dir='ltr'><strong><em>Κέβης,</em></strong></span> <span class='ocrx_word' id='word_1_133' title='bbox 689 1598 724 1672; x_wconf 85' lang='grc' dir='ltr'>ἢ</span> <span class='ocrx_word' id='word_1_134' title='bbox 765 1600 990 1668; x_wconf 79' lang='grc' dir='ltr'><strong><em>ἄλλως;’</em></strong></span> 
     </span>
    </p>

    <p class='ocr_par' dir='ltr' id='par_1_5' title="bbox 111 1686 1849 2898">
     <span class='ocr_line' id='line_1_18' title="bbox 259 1686 1794 1761; baseline 0 -15"><span class='ocrx_word' id='word_1_135' title='bbox 259 1692 426 1746; x_wconf 86' lang='grc' dir='ltr'><strong>ΧΧΧ.</strong></span> <span class='ocrx_word' id='word_1_136' title='bbox 482 1687 662 1744; x_wconf 85' lang='grc' dir='ltr'><strong><em>Ὃῦτω</em></strong></span> <span class='ocrx_word' id='word_1_137' title='bbox 701 1687 773 1760; x_wconf 85' lang='grc' dir='ltr'><strong><em>νὴ</em></strong></span> <span class='ocrx_word' id='word_1_138' title='bbox 803 1690 954 1759; x_wconf 85' lang='grc' dir='ltr'><strong><em>Δία,’</em></strong></span> <span class='ocrx_word' id='word_1_139' title='bbox 996 1692 1101 1759; x_wconf 86' lang='grc' dir='ltr'><strong><em>ἔφη</em></strong></span> <span class='ocrx_word' id='word_1_140' title='bbox 1143 1686 1173 1744; x_wconf 86' lang='grc' dir='ltr'>ὁ</span> <span class='ocrx_word' id='word_1_141' title='bbox 1213 1690 1410 1760; x_wconf 88' lang='grc' dir='ltr'><strong><em>Κέβης.</em></strong></span> <span class='ocrx_word' id='word_1_142' title='bbox 1472 1686 1590 1745; x_wconf 63' lang='grc' dir='ltr'><strong><em>εἐάν</em></strong></span> <span class='ocrx_word' id='word_1_143' title='bbox 1623 1689 1689 1745; x_wconf 89' lang='grc' dir='ltr'><strong><em>δέ</em></strong></span> <span class='ocrx_word' id='word_1_144' title='bbox 1713 1712 1794 1761; x_wconf 76' lang='grc' dir='ltr'><strong><em>γε,</em></strong></span> 
     </span>
     <span class='ocr_line' id='line_1_19' title="bbox 114 1775 1849 1850; baseline -0.003 -16"><span class='ocrx_word' id='word_1_145' title='bbox 114 1782 121 1850; x_wconf 79' lang='grc' dir='ltr'>Ι</span> <span class='ocrx_word' id='word_1_146' title='bbox 150 1776 322 1850; x_wconf 85' lang='grc' dir='ltr'><strong><em>οἶμαι,</em></strong></span> <span class='ocrx_word' id='word_1_147' title='bbox 362 1777 702 1848; x_wconf 90' lang='grc' dir='ltr'><strong><em>μεμιασμένη</em></strong></span> <span class='ocrx_word' id='word_1_148' title='bbox 742 1776 834 1831; x_wconf 90' lang='grc' dir='ltr'><strong><em>καὶ</em></strong></span> <span class='ocrx_word' id='word_1_149' title='bbox 865 1775 1182 1846; x_wconf 78' lang='grc' dir='ltr'><strong><em>ἀκάθαρτος</em></strong></span> <span class='ocrx_word' id='word_1_150' title='bbox 1211 1780 1312 1831; x_wconf 91' lang='grc' dir='ltr'><strong><em>τοῦ</em></strong></span> <span class='ocrx_word' id='word_1_151' title='bbox 1345 1776 1596 1847; x_wconf 81' lang='grc' dir='ltr'><strong><em>σώματος</em></strong></span> <span class='ocrx_word' id='word_1_152' title='bbox 1625 1775 1849 1832; x_wconf 88' lang='grc' dir='ltr'><strong><em>ἀπαλ-Β</em></strong></span> 
     </span>
     <span class='ocr_line' id='line_1_20' title="bbox 111 1852 1796 1938; baseline -0.001 -17"><span class='ocrx_word' id='word_1_153' title='bbox 111 1866 387 1936; x_wconf 89' lang='grc' dir='ltr'><strong><em>λάττηται,</em></strong></span> <span class='ocrx_word' id='word_1_154' title='bbox 425 1863 521 1920; x_wconf 79' lang='grc' dir='ltr'><strong><em>ἅτε</em></strong></span> <span class='ocrx_word' id='word_1_155' title='bbox 558 1867 632 1938; x_wconf 79' lang='grc' dir='ltr'><strong><em>τῷ</em></strong></span> <span class='ocrx_word' id='word_1_156' title='bbox 674 1863 886 1935; x_wconf 77' lang='grc' dir='ltr'><strong><em>σώματι</em></strong></span> <span class='ocrx_word' id='word_1_157' title='bbox 919 1863 1004 1919; x_wconf 82' lang='grc' dir='ltr'><strong><em>ἀεὶ</em></strong></span> <span class='ocrx_word' id='word_1_158' title='bbox 1038 1852 1281 1929; x_wconf 83' lang='grc' dir='ltr'><strong><em>ξυνοῦσα</em></strong></span> <span class='ocrx_word' id='word_1_159' title='bbox 1311 1865 1405 1919; x_wconf 86' lang='grc' dir='ltr'><strong><em>καὶ</em></strong></span> <span class='ocrx_word' id='word_1_160' title='bbox 1434 1867 1598 1920; x_wconf 89' lang='grc' dir='ltr'><strong><em>τοῦτο</em></strong></span> <span class='ocrx_word' id='word_1_161' title='bbox 1629 1872 1796 1937; x_wconf 86' lang='grc' dir='ltr'><strong><em>θερα-</em></strong></span> 
     </span>
     <span class='ocr_line' id='line_1_21' title="bbox 111 1949 1795 2024; baseline -0.001 -14"><span class='ocrx_word' id='word_1_162' title='bbox 111 1953 359 2010; x_wconf 84' lang='grc' dir='ltr'><strong><em>πεύουσα</em></strong></span> <span class='ocrx_word' id='word_1_163' title='bbox 396 1952 489 2007; x_wconf 85' lang='grc' dir='ltr'><strong><em>καὶ</em></strong></span> <span class='ocrx_word' id='word_1_164' title='bbox 530 1954 710 2024; x_wconf 84' lang='grc' dir='ltr'><strong><em>ἐρῶσα</em></strong></span> <span class='ocrx_word' id='word_1_165' title='bbox 754 1952 847 2007; x_wconf 88' lang='grc' dir='ltr'><strong><em>καὶ</em></strong></span> <span class='ocrx_word' id='word_1_166' title='bbox 892 1952 1294 2023; x_wconf 73' lang='grc' dir='ltr'><strong><em>γεγοητευμένη</em></strong></span> <span class='ocrx_word' id='word_1_167' title='bbox 1334 1949 1428 2007; x_wconf 81' lang='grc' dir='ltr'><strong><em>ὑπ’</em></strong></span> <span class='ocrx_word' id='word_1_168' title='bbox 1473 1949 1646 2007; x_wconf 85' lang='grc' dir='ltr'><strong><em>αὐτοῦ</em></strong></span> <span class='ocrx_word' id='word_1_169' title='bbox 1684 1950 1795 2009; x_wconf 83' lang='grc' dir='ltr'><strong><em>ὑπό</em></strong></span> 
     </span>
     <span class='ocr_line' id='line_1_22' title="bbox 112 2036 1795 2110; baseline -0.001 -13"><span class='ocrx_word' id='word_1_170' title='bbox 112 2063 170 2097; x_wconf 91' lang='grc' dir='ltr'><strong><em>τε</em></strong></span> <span class='ocrx_word' id='word_1_171' title='bbox 231 2044 346 2096; x_wconf 91' lang='grc' dir='ltr'><strong><em>τῶν</em></strong></span> <span class='ocrx_word' id='word_1_172' title='bbox 409 2041 723 2108; x_wconf 84' lang='grc' dir='ltr'><strong><em>ἐπιθυμιῶν</em></strong></span> <span class='ocrx_word' id='word_1_173' title='bbox 777 2040 870 2093; x_wconf 88' lang='grc' dir='ltr'><strong><em>καὶ</em></strong></span> <span class='ocrx_word' id='word_1_174' title='bbox 923 2036 1175 2110; x_wconf 80' lang='grc' dir='ltr'><strong><em>ἡδονῶν,</em></strong></span> <span class='ocrx_word' id='word_1_175' title='bbox 1239 2037 1378 2095; x_wconf 83' lang='grc' dir='ltr'><strong><em>ῶστε</em></strong></span> <span class='ocrx_word' id='word_1_176' title='bbox 1432 2039 1606 2110; x_wconf 76' lang='grc' dir='ltr'><strong><em>μηδὲν</em></strong></span> <span class='ocrx_word' id='word_1_177' title='bbox 1660 2038 1795 2096; x_wconf 76' lang='grc' dir='ltr'><strong><em>ἄλλο</em></strong></span> 
     </span>
     <span class='ocr_line' id='line_1_23' title="bbox 117 2122 1798 2198; baseline -0.001 -13"><span class='ocrx_word' id='word_1_178' title='bbox 117 2134 304 2186; x_wconf 83' lang='grc' dir='ltr'><strong><em>δοκεῖν</em></strong></span> <span class='ocrx_word' id='word_1_179' title='bbox 353 2124 497 2183; x_wconf 83' lang='grc' dir='ltr'><strong><em>εἶναι</em></strong></span> <span class='ocrx_word' id='word_1_180' title='bbox 541 2125 750 2197; x_wconf 75' lang='grc' dir='ltr'><strong><em>ἀληθὲς</em></strong></span> <span class='ocrx_word' id='word_1_181' title='bbox 796 2125 917 2182; x_wconf 83' lang='grc' dir='ltr'><strong><em>ἀλλ’</em></strong></span> <span class='ocrx_word' id='word_1_182' title='bbox 967 2124 1002 2197; x_wconf 83' lang='grc' dir='ltr'><em>ἢ</em></span> <span class='ocrx_word' id='word_1_183' title='bbox 1049 2125 1111 2182; x_wconf 85' lang='grc' dir='ltr'><strong><em>τὸ</em></strong></span> <span class='ocrx_word' id='word_1_184' title='bbox 1160 2128 1549 2198; x_wconf 87' lang='grc' dir='ltr'><strong><em>σωματοειδές,</em></strong></span> <span class='ocrx_word' id='word_1_185' title='bbox 1604 2122 1672 2183; x_wconf 85' lang='grc' dir='ltr'><strong><em>οὗ</em></strong></span> <span class='ocrx_word' id='word_1_186' title='bbox 1715 2149 1798 2195; x_wconf 88' lang='grc' dir='ltr'><strong><em>τις</em></strong></span> 
     </span>
     <span class='ocr_line' id='line_1_24' title="bbox 113 2214 1795 2289; baseline 0 -17"><span class='ocrx_word' id='word_1_187' title='bbox 113 2214 186 2272; x_wconf 71' lang='grc' dir='ltr'><strong><em>ἂν</em></strong></span> <span class='ocrx_word' id='word_1_188' title='bbox 224 2214 426 2283; x_wconf 76' lang='grc' dir='ltr'><strong><em>ἅψαιτο</em></strong></span> <span class='ocrx_word' id='word_1_189' title='bbox 473 2214 565 2270; x_wconf 87' lang='grc' dir='ltr'><strong><em>καὶ</em></strong></span> <span class='ocrx_word' id='word_1_190' title='bbox 613 2218 726 2270; x_wconf 79' lang='grc' dir='ltr'><strong><em>ἴδοι</em></strong></span> <span class='ocrx_word' id='word_1_191' title='bbox 771 2215 864 2269; x_wconf 84' lang='grc' dir='ltr'><strong><em>καὶ</em></strong></span> <span class='ocrx_word' id='word_1_192' title='bbox 908 2219 1027 2270; x_wconf 90' lang='grc' dir='ltr'><strong><em>πίοι</em></strong></span> <span class='ocrx_word' id='word_1_193' title='bbox 1071 2215 1164 2270; x_wconf 83' lang='grc' dir='ltr'><strong><em>καὶ</em></strong></span> <span class='ocrx_word' id='word_1_194' title='bbox 1210 2215 1382 2286; x_wconf 80' lang='grc' dir='ltr'><strong><em>φάγοι</em></strong></span> <span class='ocrx_word' id='word_1_195' title='bbox 1423 2216 1516 2270; x_wconf 86' lang='grc' dir='ltr'><strong><em>καὶ</em></strong></span> <span class='ocrx_word' id='word_1_196' title='bbox 1554 2214 1692 2289; x_wconf 86' lang='grc' dir='ltr'><strong><em>πρὸς</em></strong></span> <span class='ocrx_word' id='word_1_197' title='bbox 1728 2215 1795 2272; x_wconf 81' lang='grc' dir='ltr'><strong><em>τὰ</em></strong></span> 
     </span>
     <span class='ocr_line' id='line_1_25' title="bbox 113 2301 1796 2377; baseline -0.001 -16"><span class='ocrx_word' id='word_1_198' title='bbox 113 2303 420 2377; x_wconf 86' lang='grc' dir='ltr'><strong><em>ἀφροδίσια</em></strong></span> <span class='ocrx_word' id='word_1_199' title='bbox 456 2301 747 2375; x_wconf 82' lang='grc' dir='ltr'><strong><em>χρήσαιτο,</em></strong></span> <span class='ocrx_word' id='word_1_200' title='bbox 792 2301 854 2358; x_wconf 86' lang='grc' dir='ltr'><strong><em>τὸ</em></strong></span> <span class='ocrx_word' id='word_1_201' title='bbox 897 2302 959 2358; x_wconf 74' lang='grc' dir='ltr'><strong><em>δὲ</em></strong></span> <span class='ocrx_word' id='word_1_202' title='bbox 995 2314 1111 2368; x_wconf 81' lang='grc' dir='ltr'><strong><em>τοῖς</em></strong></span> <span class='ocrx_word' id='word_1_203' title='bbox 1149 2301 1356 2374; x_wconf 79' lang='grc' dir='ltr'><strong><em>ὄμμασι</em></strong></span> <span class='ocrx_word' id='word_1_204' title='bbox 1395 2306 1667 2370; x_wconf 88' lang='grc' dir='ltr'><strong><em>σκοτῶδες</em></strong></span> <span class='ocrx_word' id='word_1_205' title='bbox 1703 2305 1796 2359; x_wconf 87' lang='grc' dir='ltr'><strong><em>καὶ</em></strong></span> 
     </span>
     <span class='ocr_line' id='line_1_26' title="bbox 114 2388 1798 2464; baseline 0.001 -17"><span class='ocrx_word' id='word_1_206' title='bbox 114 2390 316 2460; x_wconf 88' lang='grc' dir='ltr'><strong><em>ἀειδές,</em></strong></span> <span class='ocrx_word' id='word_1_207' title='bbox 370 2388 576 2460; x_wconf 85' lang='grc' dir='ltr'><strong><em>νοητὸν</em></strong></span> <span class='ocrx_word' id='word_1_208' title='bbox 625 2389 687 2445; x_wconf 74' lang='grc' dir='ltr'><strong><em>δὲ</em></strong></span> <span class='ocrx_word' id='word_1_209' title='bbox 730 2389 824 2445; x_wconf 80' lang='grc' dir='ltr'><strong><em>καὶ</em></strong></span> <span class='ocrx_word' id='word_1_210' title='bbox 870 2395 1179 2464; x_wconf 78' lang='grc' dir='ltr'><strong><em>φιλοσοφία</em></strong></span> <span class='ocrx_word' id='word_1_211' title='bbox 1225 2390 1474 2463; x_wconf 76' lang='grc' dir='ltr'><strong><em>αἱρετόν,</em></strong></span> <span class='ocrx_word' id='word_1_212' title='bbox 1522 2394 1686 2448; x_wconf 90' lang='grc' dir='ltr'><strong><em>τοῦτο</em></strong></span> <span class='ocrx_word' id='word_1_213' title='bbox 1735 2392 1798 2448; x_wconf 75' lang='grc' dir='ltr'><strong><em>δὲ</em></strong></span> 
     </span>
     <span class='ocr_line' id='line_1_27' title="bbox 114 2478 1794 2551; baseline 0.001 -17"><span class='ocrx_word' id='word_1_214' title='bbox 114 2479 404 2549; x_wconf 81' lang='grc' dir='ltr'><strong><em>εἰθισμένη</em></strong></span> <span class='ocrx_word' id='word_1_215' title='bbox 458 2488 639 2548; x_wconf 84' lang='grc' dir='ltr'><strong><em>μισεῖν</em></strong></span> <span class='ocrx_word' id='word_1_216' title='bbox 691 2499 750 2533; x_wconf 88' lang='grc' dir='ltr'><strong><em>τε</em></strong></span> <span class='ocrx_word' id='word_1_217' title='bbox 794 2478 886 2533; x_wconf 85' lang='grc' dir='ltr'><strong><em>καὶ</em></strong></span> <span class='ocrx_word' id='word_1_218' title='bbox 931 2479 1149 2551; x_wconf 89' lang='grc' dir='ltr'><strong><em>τρέμειν</em></strong></span> <span class='ocrx_word' id='word_1_219' title='bbox 1200 2478 1294 2533; x_wconf 83' lang='grc' dir='ltr'><strong><em>καὶ</em></strong></span> <span class='ocrx_word' id='word_1_220' title='bbox 1340 2478 1596 2550; x_wconf 79' lang='grc' dir='ltr'><strong><em>φεύγειν,</em></strong></span> <span class='ocrx_word' id='word_1_221' title='bbox 1651 2478 1794 2536; x_wconf 80' lang='grc' dir='ltr'><strong><em>οὕτω</em></strong></span> 
     </span>
     <span class='ocr_line' id='line_1_28' title="bbox 116 2563 1844 2640; baseline -0.002 -19"><span class='ocrx_word' id='word_1_222' title='bbox 116 2565 185 2636; x_wconf 87' lang='grc' dir='ltr'><strong><em>δὴ</em></strong></span> <span class='ocrx_word' id='word_1_223' title='bbox 226 2569 462 2636; x_wconf 79' lang='grc' dir='ltr'><strong><em>ἔχουσαν</em></strong></span> <span class='ocrx_word' id='word_1_224' title='bbox 502 2572 606 2621; x_wconf 80' lang='grc' dir='ltr'><strong><em>οἴει</em></strong></span> <span class='ocrx_word' id='word_1_225' title='bbox 644 2564 828 2637; x_wconf 85' lang='grc' dir='ltr'><strong><em>ψυχὴν</em></strong></span> <span class='ocrx_word' id='word_1_226' title='bbox 861 2566 870 2639; x_wconf 85' lang='grc' dir='ltr'>Ι</span> <span class='ocrx_word' id='word_1_227' title='bbox 905 2564 1080 2637; x_wconf 83' lang='grc' dir='ltr'><strong><em>αὐτὴν</em></strong></span> <span class='ocrx_word' id='word_1_228' title='bbox 1126 2564 1258 2621; x_wconf 88' lang='grc' dir='ltr'><strong><em>καθ’</em></strong></span> <span class='ocrx_word' id='word_1_229' title='bbox 1303 2563 1479 2637; x_wconf 84' lang='grc' dir='ltr'><strong><em>αὑτὴν</em></strong></span> <span class='ocrx_word' id='word_1_230' title='bbox 1523 2570 1844 2640; x_wconf 83' lang='grc' dir='ltr'><strong><em>εἰλικρινῆΟ</em></strong></span> 
     </span>
     <span class='ocr_line' id='line_1_29' title="bbox 114 2650 1796 2723; baseline 0.001 -16"><span class='ocrx_word' id='word_1_231' title='bbox 114 2651 572 2719; x_wconf 82' lang='grc' dir='ltr'><strong><em>ἀπαλλάξεσθαι;’</em></strong></span> <span class='ocrx_word' id='word_1_232' title='bbox 613 2650 757 2708; x_wconf 58' lang='grc' dir='ltr'><strong><em>εοὐδ’</em></strong></span> <span class='ocrx_word' id='word_1_233' title='bbox 788 2650 1141 2722; x_wconf 85' lang='grc' dir='ltr'><strong><em>ὁπωστιοῦν,’</em></strong></span> <span class='ocrx_word' id='word_1_234' title='bbox 1174 2656 1294 2723; x_wconf 86' lang='grc' dir='ltr'><strong><em>ἔφη.</em></strong></span> <span class='ocrx_word' id='word_1_235' title='bbox 1358 2650 1518 2708; x_wconf 65' lang='grc' dir='ltr'><strong><em>’ἀλλὰ</em></strong></span> <span class='ocrx_word' id='word_1_236' title='bbox 1547 2654 1640 2709; x_wconf 71' lang='grc' dir='ltr'><strong><em>καὶ,</em></strong></span> <span class='ocrx_word' id='word_1_237' title='bbox 1665 2658 1796 2709; x_wconf 90' lang='grc' dir='ltr'><strong><em>διει-</em></strong></span> 
     </span>
     <span class='ocr_line' id='line_1_30' title="bbox 115 2735 1794 2813; baseline 0 -18"><span class='ocrx_word' id='word_1_238' title='bbox 115 2739 398 2810; x_wconf 84' lang='grc' dir='ltr'><strong><em>λημμένην</em></strong></span> <span class='ocrx_word' id='word_1_239' title='bbox 436 2759 524 2808; x_wconf 76' lang='grc' dir='ltr'><strong><em>γε,</em></strong></span> <span class='ocrx_word' id='word_1_240' title='bbox 572 2735 750 2809; x_wconf 86' lang='grc' dir='ltr'><strong><em>οἶμαι,</em></strong></span> <span class='ocrx_word' id='word_1_241' title='bbox 798 2736 906 2795; x_wconf 81' lang='grc' dir='ltr'><strong><em>ὑπὸ</em></strong></span> <span class='ocrx_word' id='word_1_242' title='bbox 954 2742 1055 2795; x_wconf 88' lang='grc' dir='ltr'><strong><em>τοῦ</em></strong></span> <span class='ocrx_word' id='word_1_243' title='bbox 1103 2743 1536 2810; x_wconf 85' lang='grc' dir='ltr'><strong><em>σωματοειδοῦς,</em></strong></span> <span class='ocrx_word' id='word_1_244' title='bbox 1585 2738 1614 2795; x_wconf 83' lang='grc' dir='ltr'><strong><em>δ</em></strong></span> <span class='ocrx_word' id='word_1_245' title='bbox 1655 2739 1794 2813; x_wconf 82' lang='grc' dir='ltr'><strong><em>αὐτῇ</em></strong></span> 
     </span>
     <span class='ocr_line' id='line_1_31' title="bbox 115 2824 1793 2898; baseline -0.002 -15"><span class='ocrx_word' id='word_1_246' title='bbox 115 2827 148 2898; x_wconf 84' lang='grc' dir='ltr'>ἡ</span> <span class='ocrx_word' id='word_1_247' title='bbox 197 2825 384 2898; x_wconf 83' lang='grc' dir='ltr'><strong><em>ὁμιλία</em></strong></span> <span class='ocrx_word' id='word_1_248' title='bbox 427 2846 486 2881; x_wconf 87' lang='grc' dir='ltr'><strong><em>τε</em></strong></span> <span class='ocrx_word' id='word_1_249' title='bbox 530 2826 622 2880; x_wconf 84' lang='grc' dir='ltr'><strong><em>καὶ</em></strong></span> <span class='ocrx_word' id='word_1_250' title='bbox 668 2829 939 2882; x_wconf 89' lang='grc' dir='ltr'><strong><em>συνουσία</em></strong></span> <span class='ocrx_word' id='word_1_251' title='bbox 984 2830 1083 2882; x_wconf 89' lang='grc' dir='ltr'><strong><em>τοῦ</em></strong></span> <span class='ocrx_word' id='word_1_252' title='bbox 1139 2826 1390 2897; x_wconf 79' lang='grc' dir='ltr'><strong><em>σώματος</em></strong></span> <span class='ocrx_word' id='word_1_253' title='bbox 1444 2825 1539 2883; x_wconf 79' lang='grc' dir='ltr'><strong><em>διὰ</em></strong></span> <span class='ocrx_word' id='word_1_254' title='bbox 1592 2824 1654 2881; x_wconf 89' lang='grc' dir='ltr'><strong><em>τὸ</em></strong></span> <span class='ocrx_word' id='word_1_255' title='bbox 1707 2824 1793 2882; x_wconf 78' lang='grc' dir='ltr'><strong><em>ἀεὶ</em></strong></span> 
     </span>
    </p>
   </div>
  </div>
 </body>
</html>
